2992 4916
479 289 499 325 ἱ

297 335 370 410 560
482 341 488 350 ’
597 344 821 414 ntcsuuont
854 345 1083 414 sansonis

296 528 350 568 ται
380 501 443 590 γάρ
474 505 507 568 ἐν
530 499 619 594 ’άκρη
648 506 767 571 κόλπου
797 505 881 583 τινός
912 509 1096 585 θαλαττίου,
1125 509 1226 595 μέχρι
1246 511 1388 578 πλείστου

296 607 352 686 τῆς
374 606 526 681 Αἰολίδος
546 609 604 690 γῆς
625 606 809 692 προϊόντος,
831 607 886 672 καί
905 611 967 672 ταῖν
989 609 1088 693 όρίων
1118 607 1180 694 ἤδη
1203 609 1319 690 σχεδόν
1342 614 1390 694 τῆς

231 707 360 768 {Gradu
382 707 502 770 Aeduis
532 708 781 793 παραψαόοντος
810 710 932 794 χιόρας.
985 709 1099 794 ταίπης
1122 711 1324 796 ἐπιτροπεύει
1343 714 1389 793 τῆς

300 806 439 884 πόλεως,
469 805 505 872 δν
538 805 576 872 ἀν
598 807 615 873 ό
636 807 806 892 Ῥωμαίων
838 812 940 876 ἕλοιτο
967 810 1118 893 βασιλεὺς
1137 812 1193 877 κατ’
1214 808 1251 876 όν
1273 813 1307 876 ἐκ
1328 813 1388 875 Βο-
1452 833 1456 842 ’

300 907 434 986 ζαντίων
465 908 566 972 ἐκεῖσε
587 909 741 991 πέμψειε,
772 914 848 973 καθ’
875 909 911 974 ὃν
928 905 965 974 ἀν
991 911 1047 976 καί
1069 913 1121 998 ἐφ’
1143 910 1219 976 ὅσον
1241 910 1409 997 naudaeus

297 1006 425 1092 χρόνον.
478 1006 513 1072 τὸ
545 1006 583 1092 δὴ
603 1014 742 1074 τοιοῦτον
771 1011 912 1093 μαθόντι
936 1014 983 1097 spi
1010 1015 1066 1076 τοῦ
1096 1007 1273 1088 ἑαλωκότος
1302 1011 1390 1096 πατρί

294 1105 432 1192 Ὑρκανιό
455 1107 491 1171 uri
512 1110 599 1192 μάλα
621 1131 654 1174 τι
676 1107 803 1174 ἀνεκτόν
823 1113 999 1195 ἐνομίσθη,
1024 1110 1092 1176 ἀλλ’
1117 1113 1234 1178 οἰκείου
1255 1114 1387 1175 θανάτου

296 1207 378 1292 μηδὲ
397 1208 506 1293 βραχό
526 1233 556 1272 τι
577 1208 733 1286 ἀπεοικός,
754 1208 804 1282 ότι
824 1208 878 1276 τόν
901 1210 970 1276 υἱόν
990 1213 1164 1296 ἐζημιίοται
1183 1211 1253 1294 με’ν,
1276 1210 1331 1296 ὑφ’
1353 1201 1389 1274 ὧν

299 1311 326 1374 δ’
350 1305 405 1372 οάκ
428 1308 606 1395 η’σθάνετο’
636 1312 800 1395 εἰκασμοῖς
819 1311 879 1397 γάρ
899 1337 965 1377 τισι
986 1312 1042 1376 καί
1064 1320 1257 1394 στοχασμοῖς
1280 1311 1388 1396 διαφό-

299 1433 365 1494 ροις
386 1411 528 1495 μερίζων
547 1409 618 1488 τοὺς
650 1415 828 1496 λογισμούς,
846 1414 1006 1497 μετέωρον
1037 1419 1191 1497 παρεῖχεν
1215 1411 1312 1494 ἀκοὴν
1330 1418 1424 1485 conso

229 1523 281 1575 Η
299 1507 401 1576 ἄλλοτ’
426 1507 507 1577 ἀλλα
529 1515 706 1598 &pellurius
735 1513 834 1599 μέχρι
854 1517 981 1578 πολλοῦ.
1025 1513 1087 1594 ddi
1109 1513 1328 1590 δὲ’Φωκαέας
1348 1504 1388 1575 εἶ-

297 1638 351 1679 ναι
372 1613 573 1696 πεπυσμένος
592 1612 664 1690 τοδς
685 1611 739 1679 τόν
760 1615 1048 1700 υἱόνάρπάσαντας
1065 1613 1227 1699 πειρατάς,
1248 1613 1304 1677 καὶ
1322 1612 1387 1676 τοό-

295 1739 369 1789 τους
386 1711 565 1796 Ῥωμαίους
584 1714 653 1796 μέν,
675 1715 710 1778 ἐκ
734 1717 762 1777 δ’
778 1715 960 1798 ἀλλοδαπῆς
973 1715 1056 1792 τινός
1075 1715 1130 1780 κατ’
1150 1713 1387 1798 μιξοβαρβάραυ

295 1814 351 1896 τῆς
370 1813 492 1897 χώρας,
515 1814 570 1878 καί
591 1813 662 1897 μήτ’
680 1815 713 1878 ἐκ
735 1814 892 1898 θαλάττης
914 1813 998 1894 ἔχων
1017 1814 1088 1899 μήτ’
1110 1817 1143 1891 ἔξ
1164 1813 1299 1898 η’πείρου
1322 1810 1388 1888 τοδς

295 1909 348 1976 τόν
368 1911 439 1976 υἱὸν
459 1911 665 1996 κεκτημένους
686 1911 881 1994 ἀμύνασθαι,
905 1911 985 1999 πρός
1006 1915 1103 1996 μόνον
1125 1913 1243 1995 ἔβλεψε
1257 1909 1421 1992 odada-15

296 2013 406 2090 σιλέα,
437 2015 493 2078 καί
512 2013 609 2100 τούτῳ
629 2015 784 2102 παρέχειν
805 2012 879 2079 δ’λον
901 2009 1014 2079 ἑαυτόν
1047 2013 1191 2095 ἀσμένως
1211 2009 1387 2090 ὑπισχνεῖτο

297 2114 389 2200 φιλον
408 2137 441 2180 τε
474 2113 637 2201 ἀκραιφνῆ
664 2114 720 2178 καί
753 2115 922 2200 πρόθυμον
953 2112 1109 2200 ὑπηρέτην
1140 2110 1221 2197 πρός
1252 2110 1334 2175 άπαν
1356 2108 1387 2174 τό

294 2215 508 2298 κελευόμενον,
528 2215 585 2280 καί
605 2215 782 2300 χρημάτων
807 2211 951 2300 ἄφθονον
964 2213 1110 2299 παραχέα
1131 2215 1193 2277 τῶν
1218 2211 1388 2297 ἀνηκόντων

297 2317 342 2390 εἰς
359 2316 496 2401 χρείαν,
528 2317 556 2380 εἰ
578 2316 673 2397 μόνον
697 2313 785 2401 εόροι
819 2315 911 2382 λόσιν
931 2317 986 2380 τοῦ
1009 2315 1113 2380 δεινοῦ
1132 2316 1187 2394 καί
1213 2317 1314 2394 ζῶντα
1335 2308 1387 2394 τὴν

129 2489 130 2494 ¹
228 2415 447 2499 βθταχίστην
475 2415 569 2498 λάβοι
601 2414 655 2481 τόν
685 2418 797 2480 παῖδα.
853 2416 1013 2501 μετειόρου
1036 2438 1071 2501 γε
1089 2412 1152 2498 μὴν
1172 2417 1228 2498 τῆς
1248 2411 1422 2493 τοιαότηςηη

299 2512 394 2600 οόσης
417 2517 587 2597 ἀσχολίας,
608 2517 760 2582 τεθνάναι
778 2515 857 2593 τέως
891 2517 1008 2602 συνέβη
1029 2515 1084 2580 καὶ
1104 2517 1159 2581 τόν
1180 2511 1388 2599 πρεοβότερον

165 2619 358 2682 [Aliensis
374 2615 524 2703 Ὑρκανοῦ
547 2613 691 2712 παίδων,1
703 2616 739 2682 δν
759 2619 813 2683 καί
849 2619 999 2700 διάδοχον
1022 2621 1186 2702 ἐταμιέυεν
1205 2609 1319 2680 ἑαυτοῦ
1338 2609 1388 2674 καί

296 2913 364 2968 libet
381 2911 435 2969 alia
455 2922 481 2969 et
498 2930 547 2984 per
564 2913 662 2970 multos
681 2931 765 2968 anuos
784 2931 816 2969 ac
835 2915 941 2985 quisita.
987 2929 1069 2984 quare
1088 2928 1167 2983 quum
1185 2909 1256 2964 bene
1273 2922 1387 2977 eognos-
1478 2937 1479 2943 ι

296 2996 337 3040 set
357 2986 405 3040 illa
424 2989 539 3057 praedae
557 2989 670 3056 pretium
692 2988 768 3041 illico
795 3003 855 3052 sese
881 2994 988 3062 praeter
1007 2986 1154 3039 Phocaeam
1172 2984 1275 3036 domum
1295 2987 1387 3032 contu.

295 3057 336 3111 lit.
381 3057 443 3112 urbs
475 3067 562 3112 auteur
587 3061 649 3111 olim
676 3059 839 3124 Hellenica‚
858 3075 929 3110 nuuc
950 3073 1015 3110 vcro
1033 3057 1153 3109 barbaris
1172 3053 1311 3106 tributaria
1330 3057 1387 3101 uta

295 3129 391 3182 timore
411 3140 438 3184 et
456 3131 576 3199 periculo
595 3147 691 3186 secura
715 3147 774 3183 essa
794 3139 904 3199 posset,
927 3131 977 3182 sita
1002 3137 1043 3180 est
1067 3129 1094 3180 iu
1115 3125 1298 3196 promuntorio
1317 3124 1386 3173 sinus

294 3203 428 3267 maritimi,
450 3204 477 3255 in
495 3203 634 3256 Aeolidem
656 3213 752 3256 terram
772 3203 930 3270 longissime
948 3201 1109 3252 incurrentia
1129 3199 1241 3251 eilanes
1260 3194 1385 3261 Lydorum

294 3281 382 3326 terrae
403 3290 489 3340 paene
517 3275 681 3343 attingentis.
725 3275 768 3326 cui
797 3275 854 3324 urbi
874 3275 987 3340 imperat
1014 3273 1059 3340 qui
1084 3287 1099 3322 a
1128 3270 1305 3322 Romanorum
1324 3278 1385 3331 rege

295 3353 399 3396 creatus
419 3354 446 3396 et
464 3345 594 3410 Byzantio
612 3349 707 3398 missus
727 3347 763 3399 sit
781 3346 807 3395 iu
828 3353 931 3412 tempus
959 3351 1083 3412 quantum
1101 3341 1150 3393 ille
1169 3339 1301 3392 statuerit.
1317 3387 1322 3396 ,
1338 3336 1384 3386 hoc

294 3429 458 3482 verounum
479 3417 547 3482 capti
574 3419 641 3485 patri
667 3419 791 3484 llyrcano
811 3415 922 3468 relatum
945 3423 1016 3467 esset
1038 3429 1091 3465 nou
1116 3411 1283 3464 tolerandum
1303 3408 1384 3459 visum
1477 3415 1478 3428 ¹

227 3503 232 3523 ·
296 3493 354 3549 est,
379 3487 425 3538 scd
451 3487 521 3538 domi
539 3502 588 3553 per
606 3488 689 3540 breve
715 3497 818 3555 ternpus
843 3496 946 3538 mortuo
972 3500 1025 3538 non
1053 3482 1182 3536 absimilis
1207 3495 1287 3548 quum
1307 3478 1384 3559 filiurn

296 3565 399 3623 captum
424 3558 531 3624 quidem
555 3573 609 3611 nou
634 3575 699 3612 vero
721 3559 850 3628 aquibus
875 3559 977 3622 sciret,
1004 3553 1245 3607 coniectationibus
1264 3559 1292 3602 et
1309 3562 1384 3629 varrus

294 3629 507 3696 reputationibus
526 3639 639 3682 mentem
658 3631 809 3683 distrahens
829 3631 873 3681 diu
892 3630 1007 3682 incertus
1035 3643 1113 3678 auses
1132 3624 1271 3676 fluctuanti
1290 3633 1384 3674 rumori

294 3701 425 3768 praebuit,
447 3701 532 3754 donec
551 3700 702 3754 Phocenses
721 3703 820 3768 piratas
840 3700 922 3752 filium
942 3700 1064 3766 rapuisse
1083 3696 1269 3763 comperisset,
1288 3703 1383 3775 eosque

296 3787 355 3824 esse
379 3772 511 3824 Romanos
536 3773 583 3825 sed
611 3791 644 3825 ex
669 3775 812 3841 peregrina
839 3781 866 3824 et
892 3787 950 3822 cum
977 3769 1094 3822 barbaris
1119 3769 1200 3820 mista
1219 3775 1301 3817 terra.
1336 3775 1385 3813 ran

295 3858 373 3910 quum
393 3858 515 3912 aeques
542 3846 715 3914 masiaeque
740 3844 928 3895 acontinente
956 3841 1004 3894 lilii
1024 3848 1144 3906 raptores
1174 3838 1269 3904 punire
1288 3839 1385 3915 posset,

295 3927 374 3964 unum
394 3914 427 3965 sd
444 3931 535 3983 regem
555 3931 585 3967 se
605 3917 748 3980 convertit,
768 3923 795 3966 et
811 3914 872 3965 lsuic
890 3921 972 3965 totum
992 3929 1021 3964 se
1042 3912 1179 3964 exanimo
1200 3909 1259 3960 lore
1278 3905 1385 3972 pollici-

229 4021 233 4028 ·
295 3992 338 4036 tus
358 3991 398 4036 est
416 3987 527 4037 amicum
549 3994 576 4038 et
601 4001 693 4038 verum
727 3993 754 4037 et
773 3993 920 4052 promptum
951 3984 1097 4035 adiutorem
1124 3984 1152 4033 iu
1179 3978 1302 4031 omnibus
1320 3989 1384 4044 quau

293 4056 418 4120 iuberet,
438 4071 521 4124 seque
548 4058 674 4124 pecunias
694 4058 861 4109 necessarias
880 4057 939 4108 sine
959 4055 1051 4106 iraude
1069 4053 1225 4114 soluturum,
1245 4049 1324 4100 modo
1344 4047 1384 4098 in-

293 4126 383 4178 felicis
402 4127 453 4179 lilii
470 4128 654 4180 liberationem
674 4129 874 4180 nancisceretur
891 4129 967 4194 isque
985 4127 1036 4185 sibi
1052 4141 1128 4194 quam
1147 4121 1291 4174 celerrime
1310 4119 1385 4171 vivus

293 4197 461 4252 redderetur.
497 4214 588 4252 verum
611 4215 644 4250 co
663 4202 861 4266 ipsotenrpore
889 4214 968 4266 quum
987 4196 1054 4248 nihil
1084 4200 1111 4248 in
1130 4211 1159 4247 re
1180 4191 1228 4244 illa
1247 4193 1300 4244 iam
1319 4204 1384 4242 evc-

292 4269 388 4336 uisset,
407 4271 504 4326 accidit
522 4279 550 4324 ut
568 4270 685 4340 Hyrcani
707 4271 777 4330 iilius
795 4278 859 4326 natu
882 4270 970 4324 maior
984 4270 1136 4333 moriretur,
1155 4279 1233 4336 quesn
1253 4263 1303 4318 ille
1322 4275 1384 4314 suc-
