2880 4910
251 346 326 422 ³08
464 361 499 414 ὓ
553 352 777 423 armenon!
808 350 1036 419 GREGORAE
1122 451 1126 462 1

182 531 235 585 n
348 516 391 579 Et
419 516 447 578 δ’
481 517 515 578 έν
548 517 687 601 ποιότητι
716 513 820 602 όὸγκηι
842 538 877 579 τε
909 517 964 578 καί
983 513 1145 596 ἀ’μεγέθει
1168 501 1264 594 μέρος
1286 511 1343 574 nale

246 615 348 696 ἔξεστι
377 618 477 698 λέγειν
508 621 652 700 κυρίως,
689 607 763 679 οὔτε
793 620 929 699 μέγεθος
960 615 1055 679 οόδέν
1087 617 1293 696 προστιθέναι
1324 604 1343 694 ἢ

245 716 398 802 όφοιρείν
422 717 476 801 (eri
498 715 559 800 γὰρ
581 722 711 799 λέγομεν
736 707 810 781 οότε
829 715 968 800 μεγάλην
997 709 1070 780 οότε
1090 703 1343 798 μικρόνλενκό-

244 823 362 904 τητα),
397 823 515 886 πολλοῦ
550 821 637 899 μέντ’
666 813 707 883 όν
741 813 864 901 δεήσειε
884 805 1027 882 καί,τοῦ
1047 816 1162 892 παντός
1193 821 1268 898 περί
1288 819 1343 898 τῆς

237 915 334 994 θείας
357 920 469 995 ου’σίας
490 923 622 984 τοιαῦτα
643 928 728 985 νοεῖν
748 919 803 983 καί
824 925 935 1004 λέγειν,
956 913 977 1001 ἢ
997 923 1118 1004 μεγέθη
1136 923 1195 999 μὲν
1216 919 1271 981 καί
1288 939 1366 998 par-5

83 1099 91 1110 .
120 1074 126 1084 .
150 1087 151 1091 ,
243 1017 379 1104 κρότητσ
400 1019 549 1106 πεποίηκέ
572 1044 606 1086 τε
630 1024 686 1086 καί
708 1021 871 1103 αἐίποιεῖ,
895 1019 976 1102 ου’τη
1001 1023 1032 1083 δ’
1052 1025 1121 1086 ε’στί
1141 1018 1222 1084 κατὰ
1245 1019 1343 1106 φύσιν

244 1122 372 1208 ου’διιμῇ
392 1125 493 1207 μηδὲν
516 1113 560 1186 ὧν
581 1127 732 1206 πεποίηκέ
754 1146 786 1188 τε
810 1125 865 1186 καί
885 1119 938 1184 αἐί
958 1129 1050 1186 ποιεῖ.
1103 1124 1179 1186 ου’δὲ
1199 1119 1343 1204 πρόεισιν
1367 1195 1369 1200 λ

243 1221 290 1300 εἷς
310 1214 412 1305 ὄγκον,
433 1223 503 1286 ov'd’
526 1217 565 1285 οό
584 1221 628 1305 μη
653 1222 845 1309 προχωρήσῃ
868 1227 952 1287 ποτέ.
996 1222 1030 1286 τό
1053 1221 1114 1305 γόρ
1139 1215 1220 1310 ὄγκῳ
1235 1209 1344 1302 μεῖζον

134 1407 138 1411 .
243 1321 407 1404 γινόμενον
430 1319 566 1403 δυνόμει
588 1327 708 1412 γίνεται
729 1321 869 1406 ἔλαττον,
893 1324 947 1388 καί
968 1321 1003 1387 τό
1028 1321 1193 1402 δυνάμεως
1213 1325 1361 1404 μεγέθει

243 1426 393 1504 μέγιστον
415 1415 506 1506 όγκου
524 1427 662 1489 λείπεται
688 1423 813 1502 παντός,
836 1423 886 1486 ἵνα
902 1428 1048 1506 μέγιστον
1067 1423 1184 1503 δμοίως
1206 1421 1259 1485 αἐί
1274 1424 1345 1484 δια·
1353 1433 1382 1486 10

242 1529 332 1614 μέυη.
375 1525 431 1589 καί
450 1524 511 1610 γόρ
534 1529 589 1590 καί
608 1529 639 1591 εἰ
659 1529 733 1609 περί
752 1530 807 1608 τῆς
829 1529 862 1590 έν
884 1523 969 1605 χιόνι
990 1529 1224 1610 βουληθείημεν
1243 1527 1344 1607 λέγειν

243 1624 433 1713 λευκότητος
462 1627 690 1712 όποδείγματος
723 1625 846 1709 ἕνεκεν,
878 1629 915 1691 ari
947 1627 1003 1711 την
1040 1631 1073 1690 έν
1102 1630 1144 1712 τῷ
1175 1629 1268 1710 μέρει
1290 1629 1343 1708 τῆς

203 1730 207 1738 ”
243 1725 352 1810 χιόνος
370 1729 541 1812 λευκότητα
557 1733 652 1814 μέρος
671 1723 709 1794 όν
730 1735 870 1815 φαίημεν
892 1731 948 1812 τῆς
970 1732 1003 1792 έν
1016 1731 1142 1813 πλείστῃ
1162 1727 1249 1817 χιόνι
1273 1732 1343 1805 λευ-

244 1828 382 1912 κότητος,
403 1829 483 1892 α’λλόι
503 1835 622 1914 μέρους
653 1833 712 1910 μὲν
735 1828 845 1913 χιόνος
877 1830 1067 1915 λευκότητα,
1090 1831 1187 1912 μέρος
1210 1830 1245 1891 δέ
1271 1835 1344 1891 λευ-

243 1928 373 2015 κότητος
394 1925 518 2013 ἥκιστα·
563 1924 676 2014 όογκου
699 1930 761 2016 γάρ
783 1937 838 1996 καί
858 1923 976 1996 όποσον
997 1931 1071 1994 καθ’
1092 1925 1169 1992 σότό
1191 1927 1248 1992 καί
1265 1929 1379 2010 dns-tt

176 2030 374 2115 ὅΙγεθεςῆ
398 2031 569 2115 λευκότης,
599 2032 643 2107 τός
678 2033 846 2098 δέδεικται.
898 2034 929 2096 τί
946 2033 980 2096 δὲ
1002 2033 1085 2114 μηδὲ
1107 2029 1340 2114 συμβεβηκόςῆ

244 2129 393 2206 α’νοόσισς
416 2126 497 2216 αὕτη
518 2138 734 2217 συγχωρεῖταί
751 2155 802 2197 σοι
838 2137 980 2216 γιύεσθαι
1002 2136 1159 2215 ἐνέργεια,
1180 2132 1246 2193 nori
1264 2129 1341 2194 τοό-
1398 2165 1401 2170 -

242 2249 299 2317 τήν
320 2237 451 2298 θετέον·
495 2235 564 2317 λέγε
585 2239 640 2298 καί
662 2237 827 2314 νομοθέτει
842 2233 894 2299 σό.
938 2238 995 2318 τῆς
1014 2231 1075 2316 γόρ
1092 2224 1251 2306 τσῡ,όντσς
1272 2257 1342 2316 φοο-

241 2335 296 2416 νῆς
324 2338 371 2408 είς
401 2335 512 2399 οὐσίαν
539 2339 596 2400 καί
616 2335 816 2419 συμβεβηκός
841 2337 1082 2420 διαιρουμένης,
1104 2336 1134 2398 εί
1152 2330 1225 2416 μήτ’
1247 2332 1355 2403 οὐσία,-

242 2431 324 2516 μήτε
346 2434 547 2519 συμβεβηκός
568 2433 635 2520 εἴη,
663 2439 725 2500 τῶν
747 2430 844 2501 όντων
872 2437 929 2500 ου’κ
951 2429 989 2500 dv
1010 2437 1143 2520 λέγοιτο.
1198 2435 1377 2497 λείπεταιλθ

242 2527 307 2617 δρα
331 2533 376 2618 μη
399 2527 434 2599 δν
456 2539 489 2613 ἐξ
510 2536 645 2623 όυόγκης
664 2542 824 2620 λέγεσθαι.
859 2532 951 2621 ἀὕτη
971 2539 1033 2601 τοῖν
1054 2539 1169 2602 κοιντόν
1188 2557 1247 2599 σου
1273 2539 1340 2618 δογ·

241 2633 390 2720 μότυενῆ
413 2643 571 2724 τερατεία,
595 2644 670 2704 καλέ
694 2641 857 2721 Παλομᾶ,
875 2638 911 2703 τό
934 2625 1160 2715 πιστεόεινίείς
1178 2633 1211 2702 τό
1234 2631 1340 2721 μηδι

268 2930 272 2934 -
314 2892 415 2958 Quodsi
424 2895 452 2947 iu
463 2894 591 2964 qualitate
603 2911 672 2966 quae
681 2895 870 2965 magnitudinis
883 2893 1097 2962 etamplitudinis
1109 2900 1149 2946 est
1159 2909 1268 2960 expers,
1278 2909 1339 2962 par.

130 2999 133 3004 -
241 2972 295 3018 tem
307 2979 361 3018 uon
381 2964 447 3020 licet
465 2969 573 3036 proprie
592 2968 697 3034 dicere,
724 2984 814 3037 neque
832 2967 1039 3035 magnitudinem
1058 2964 1140 3018 ullam
1158 2965 1279 3018 adiicere
1297 2973 1340 3018 aut

242 3036 398 3090 detrahere:
417 3055 507 3108 neque
520 3041 588 3092 enim
598 3041 709 3092 dicimus
719 3055 838 3108 magnam
848 3054 937 3108 neque
950 3051 1057 3105 parvam
1067 3035 1256 3089 albitudinems
1271 3037 1339 3088 mul-

241 3115 296 3161 tum
306 3110 428 3177 prolecto
439 3113 499 3164 sive
509 3113 598 3178 petius
609 3126 686 3170 omne
697 3112 781 3176 abest,
799 3119 829 3162 ut
838 3110 871 3162 de
885 3110 975 3163 divina
988 3109 1104 3160 essentie
1113 3107 1176 3159 talia
1190 3110 1339 3177 cogitemus

243 3187 270 3231 et
280 3182 408 3247 dicamus,
422 3199 490 3252 quae
503 3184 710 3252 magnitudinem
724 3192 751 3235 et
763 3183 920 3250 parvitatem
931 3182 997 3232 lecit
1010 3187 1036 3232 et
1049 3194 1155 3246 semper
1169 3180 1254 3232 lacit:
1275 3179 1339 3232 haee

242 3259 330 3305 autem
352 3263 478 3306 anatura
496 3254 571 3306 nullo
588 3255 667 3306 modu
683 3255 824 3322 quidquam
839 3262 993 3317 estensem,
1013 3267 1081 3319 quae
1101 3252 1166 3302 lecit
1186 3259 1214 3301 et
1234 3266 1338 3318 semper

242 3323 323 3375 lacit:
341 3340 430 3393 neque
448 3327 543 3392 prodit,
555 3327 583 3377 iu
601 3325 816 3394 amplitudinem,
843 3340 931 3392 neque
952 3323 1065 3392 u‘uquam
1085 3322 1223 3390 precedet,
1241 3324 1337 3374 etenim

243 3395 313 3462 qnod
325 3397 500 3462 amplitudine
511 3397 594 3448 maius
605 3399 642 3462 lit,
657 3399 685 3448 vi
695 3395 724 3449 lit
737 3398 824 3448 minus
837 3405 863 3448 et
873 3397 942 3463 quod
954 3397 994 3448 vis
1005 3394 1185 3463 magnitudine
1197 3397 1337 3446 maximum

243 3472 294 3530 est,
315 3466 348 3517 ab
367 3467 539 3535 amplitudine
558 3467 719 3536 relinquitur
738 3470 825 3533 omui,
845 3476 874 3520 ut
890 3457 1035 3518 maximum‘
1044 3481 1129 3533 aeque
1148 3480 1255 3531 semper
1276 3481 1336 3532 per-

241 3545 356 3589 maneat.
401 3540 498 3590 etenim
525 3541 548 3590 si
572 3539 605 3590 de
631 3540 778 3592 albitudine
808 3555 877 3608 quae
904 3547 944 3590 cst
970 3540 1000 3589 in
1021 3539 1086 3588 nive
1105 3535 1220 3588 velimus
1240 3538 1353 3596 dicere,¹

246 3607 364 3677 exempli
382 3611 477 3680 gratia,
496 3624 550 3662 nou
569 3610 742 3664 albitudinem
761 3627 830 3678 quae
850 3618 890 3662 est
909 3611 936 3661 ln
955 3617 1030 3676 parte
1048 3609 1121 3661 nivis
1139 3609 1257 3659 dicamus
1276 3623 1336 3674 par-

242 3686 295 3731 tern
315 3680 469 3733 albitudinis
496 3697 565 3750 quae
594 3691 634 3734 est
654 3685 682 3734 in
701 3681 814 3748 plurima
832 3683 917 3746 nive,
936 3684 983 3734 sed
1002 3680 1173 3731 albitudinem
1192 3679 1276 3745 partis
1294 3680 1336 3730 ui·
1398 3720 1400 3725 ,

243 3752 304 3816 ris,
325 3753 433 3804 minime
452 3762 540 3806 antem
560 3762 660 3820 partem
680 3753 843 3806 altitudinis.
880 3753 1060 3820 amplitudinis
1086 3752 1155 3802 enim
1180 3759 1207 3802 et
1230 3752 1336 3818 quanti-

243 3823 306 3875 tatis
327 3839 423 3892 expers
441 3840 490 3893 per
506 3840 537 3877 se
558 3833 586 3876 et
604 3826 792 3893 magnitudinis
808 3832 848 3876 est
865 3823 993 3888 albitudo‚
1013 3832 1042 3873 ut
1061 3824 1269 3886 demonstratum
1289 3829 1334 3872 est.

244 3894 286 3947 siu
305 3904 393 3947 autern
412 3912 447 3948 ne
464 3897 588 3948 accidens
607 3898 713 3964 quidem
733 3913 793 3949 esse
811 3896 878 3947 haec
903 3894 1085 3948 inessentialia
1105 3909 1120 3945 a
1139 3903 1167 3944 te
1183 3895 1336 3945 conceditur

246 3965 402 4032 efficientia,
422 3968 468 4019 ubi
490 3984 546 4020 eam
568 3966 721 4034 ponemus?
757 3969 799 4024 dic
819 3975 846 4018 ct
859 3968 961 4034 impera
978 3976 1021 4020 tur
1041 3981 1100 4016 cum
1120 3966 1189 4016 enim
1208 3979 1261 4016 vox
1281 3964 1334 4015 cius

245 4039 315 4106 quod
349 4047 390 4094 est
415 4041 448 4106 in¹
466 4041 609 4092 essentiam
639 4048 666 4091 et
692 4039 816 4094 accidens
835 4039 983 4102 dividatur,
1003 4038 1027 4090 si
1045 4036 1095 4088 illa
1113 4052 1202 4104 neque
1222 4035 1335 4088 essentia

244 4117 286 4164 eat
303 4125 392 4180 neque
411 4113 552 4176 accidens,
571 4126 625 4163 non
644 4113 696 4162 dici
715 4119 805 4178 potest
823 4111 964 4178 quidquam
991 4123 1081 4162 eorum
1100 4123 1169 4176 quae
1188 4114 1266 4160 suut:
1291 4122 1334 4157 re·

242 4179 373 4249 linquitur
392 4182 474 4252 igitur
501 4183 655 4235 necessario
680 4189 780 4234 utnon
812 4189 872 4235 ess'e
895 4182 1006 4234 dicatur.
1049 4180 1100 4231 luae
1125 4187 1187 4231 snut
1206 4191 1333 4232 uovorum

132 4271 136 4280 ’
242 4261 348 4312 tuorum
366 4257 516 4326 dogmatum
542 4255 724 4325 praestigiae,
743 4253 849 4307 Palama
868 4253 995 4323 egregie,
1017 4260 1046 4308 nt
1065 4251 1157 4306 credas
1176 4252 1203 4312 in
1217 4251 1248 4330 jd
1267 4247 1333 4318 quud
