2880 4910
267 327 341 406 296
479 323 483 336 ’
572 327 797 400 tttcnl’ttont
826 323 1056 394 GREGORAE

266 499 364 568 πολλό
389 496 444 565 καί
473 503 539 573 τοῖς
568 499 668 570 θείοις
695 490 854 576 πατράσιν
885 491 1043 578 ρἰιαόλοιον
1076 485 1151 571 ἔσχε
1179 487 1214 556 τό
1250 508 1361 572 onyas-

268 597 424 689 κνιτνόε·
1130 661 1138 672 .

200 727 254 780 η
359 697 462 786 ’Epora
493 703 521 767 δ’
543 699 604 784 έγιό
630 701 685 764 κατ’
712 699 805 780 ἕτερα
822 705 952 762 πλεῖστα
974 703 1169 779 προενεγκεῖν
1198 697 1290 780 σαφῆ1
1311 695 1362 758 κατ’

267 808 508 891 α’νομφιλέιιτοος
524 801 688 866 δεικνύντα
703 801 743 886 τῇ
756 799 849 886 ου’σέρι
868 793 984 862 ταότόν
1001 790 1081 860 εἶναι
1099 794 1157 878 τόν
1170 797 1263 858 θείαν
1277 797 1361 875 ένέρ-
1423 840 1431 910 ρ

265 931 354 992 γειαν
382 907 436 968 κατ’
465 895 541 986 όλρν
578 904 739 984 ἐνέργειαν
770 896 825 963 κατ’
858 896 1112 979 αότοενέργειαν,
1141 897 1282 978 παριίγμι
1310 890 1381 956 διό5

266 1011 397 1091 πλῆθος,
423 1008 532 1090 α’ριιεῖν
551 1002 724 1086 ἧγοόμενος
744 1002 847 1064 ταῦτα
875 998 913 1086 τῇ
937 993 1082 1084 παροόσῃ
1113 997 1233 1084 σχεδίῳ
1251 995 1360 1081 σχολῇ·

266 1108 427 1193 εἰρήσεται
452 1109 483 1172 δ’
509 1098 566 1170 οέν
594 1103 671 1178 ἴσιος
706 1103 764 1166 ιιιέν
783 1097 856 1175 ,τοῖς
887 1097 977 1185 ἑξῆς,
1019 1096 1182 1181 προϊόντος
1214 1100 1274 1162 τοῦ
1293 1101 1361 1182 περὶ

264 1214 319 1296 τῆς
341 1211 659 1295 τοιαότνγςένεργειάς
681 1204 787 1287 λόγον.
832 1205 888 1267 νόν
904 1204 939 1266 δὲ
960 1203 1096 1266 δεικτέον
1116 1203 1186 1265 εὀτί
1205 1204 1263 1264 ιιαὶ
1282 1195 1360 1274 όπος

263 1311 343 1394 μετὰ
376 1312 629 1395 προσδιορισριοῦ
655 1311 753 1394 φασιν
786 1304 814 1372 οἱ
844 1311 928 1371 θεῖοι
956 1307 1090 1387 πατέρες
1118 1305 1172 1366 καί
1204 1300 1262 1367 τόν
1292 1301 1359 1366 οἱόν

203 1459 209 1466 ·
265 1416 321 1478 κατ’
342 1411 375 1478 τό
404 1408 493 1496 οῗγιον
515 1413 637 1490 πνεῦμα
668 1411 829 1493 ἐνέργειαν
848 1409 904 1471 καί
924 1407 1181 1486 αότοενέργειαν,
1215 1395 1393 1485 {nicapoli

266 1511 497 1598 προσηκόντως.
550 1511 606 1576 snt*
634 1515 708 1594 περό
735 1514 795 1590 μὲν
815 1512 873 1574 τοῦ
896 1504 973 1572 niori
998 1502 1121 1582 όθιΐος
1153 1501 1238 1570 οότω
1269 1502 1359 1591 φησιν
1431 1543 1432 1590 p

264 1609 457 1687 Ἀθανόσιος
479 1607 558 1675 ”οο’κ
586 1611 767 1696 ἀμφίβολον
799 1605 844 1694 ότι
871 1604 968 1683 οὗτός
997 1609 1083 1671 έστιν
1112 1601 1130 1688 ἦ
1156 1609 1213 1670 τοῦ
1245 1606 1359 1686 πατρός
1431 1599 1432 1668 l

267 1715 355 1794 ζοῖσα
376 1711 475 1796 ponti
499 1713 554 1777 sni
575 1713 715 1788 όνοόοιος
738 1715 877 1794 ἐνέργεια
899 1712 954 1774 κατ’
973 1708 1063 1790 λόγος
1085 1703 1264 1792 disputata?
1293 1704 1359 1786 περὶ

201 1839 257 1892 ιο
267 1817 302 1880 δό
324 1816 379 1878 τοῦ
400 1813 580 1895 πνεύματος
601 1809 617 1876 ό
642 1811 741 1888 αότός
762 1810 844 1877 οόιω
873 1809 970 1899 φασίν
988 1804 1078 1884 “etot
1102 1800 1191 1882 ὄντος
1213 1810 1274 1872 τοῦ
1293 1800 1358 1868 vini
1431 1813 1432 1876 l

264 1917 323 1982 σοό
336 1916 449 1993 ζῶντος
471 1913 575 1998 λόγου,
587 1921 664 1996 μιάν
679 1907 758 1978 εἶναι
771 1917 826 1978 δεῖ
834 1915 954 1977 τελειάν
967 1913 1022 1974 καί
1034 1901 1136 1993 πλήρη
1147 1905 1202 1990 τήν
1217 1907 1358 1990 όγιαστι·
1367 1911 1391 1962 15

264 2013 322 2098 κήν
342 1999 398 2079 snt*
417 2014 609 2101 φωτιστιιιὴν
628 2014 721 2099 ζωήν,
743 2005 843 2079 οδσαν
857 2017 1015 2097 ἐνέργειαν
1037 2013 1137 2074 αὐτοῦ
1155 2004 1356 2090 καί-δωρεάν,

205 2111 211 2122 '
265 2114 334 2200 ἥτις
352 2111 386 2179 όιι
407 2113 527 2197 πατρός
549 2120 672 2199 λέγεται
695 2113 958 2200 έκπορεόεσθαι.”
1011 2108 1172 2195 Κόριλλος
1195 2112 1225 2172 δ’
1249 2108 1356 2190 όρισιάς

201 2275 209 2284 „
265 2218 321 2282 ιιαό
340 2217 436 2293 ου’τός
465 2217 543 2282 “ιιαι“
571 2217 586 2281 ό
621 2214 691 2293 οἷός
722 2219 809 2283 έστι”
830 2219 927 2302 φησιν
949 2211 990 2299 “q‘
1016 2217 1102 2293 ζιόσα
1134 2211 1189 2276 sai
1208 2210 1357 2292 οσόιιόδιγς

265 2321 405 2402 ἐνέργεια
443 2317 497 2384 καί
519 2322 656 2399 δένσμις
685 2318 741 2382 κατ’
765 2320 865 2403 οοφιά
897 2313 1104 2399 τοῦπατρὸς.
1149 2317 1292 2396 ἐνέργεια
1310 2311 1357 2374 καί

266 2421 324 2481 τοῦ
346 2415 420 2481 οἱοῦ
453 2415 488 2483 τό
511 2424 636 2498 πνεῦμα
657 2417 691 2484 τό
712 2415 829 2501 όγιον”.
866 2419 1006 2499 ἐνέργεια
1029 2412 1226 2498 λέγεταικαὶ
1248 2412 1266 2497 ἦ
1289 2406 1389 2476 {tsi-2⁰

265 2520 413 2605 στιραοόν
436 2513 534 2584 ὄντων
557 2518 673 2584 ἐνοῦσα
694 2519 814 2605 φυσικὴ
839 2519 991 2601 δόναμις,
1028 2512 1071 2593 σός
1092 2516 1125 2581 τό
1150 2512 1355 2598 θερμαντικόν

265 2621 308 2706 τῷ
329 2618 409 2702 nupt*
443 2623 500 2684 κατ’
518 2618 554 2683 τό
589 2618 742 2704 ψυκτικόν
769 2622 808 2705 τῇ
837 2618 925 2705 χιόνι
959 2622 1014 2682 κατ’
1045 2615 1079 2681 τό
1111 2612 1298 2700 αἰσθητικόν
1318 2611 1355 2698 τῷ

199 2715 349 2810 4οζοόρι,
369 2723 423 2786 κατ’
443 2725 485 2810 τῷ
506 2725 685 2807 ένεργοόντι
703 2719 752 2787 ’τό
781 2721 985 2806 ἐνεργητικόν.
1008 2783 1009 2788 ,
1031 2722 1155 2803 λέγεται
1177 2718 1234 2781 καί
1253 2713 1287 2781 τό
1308 2713 1354 2796 τῆς

265 2946 368 3004 altioris
394 2949 557 3019 cognitionis
576 2949 652 3004 illius
676 2949 780 3002 referre
805 2961 950 3014 conamur,
975 2947 1083 3001 minima
1109 2946 1201 3000 mirari
1228 2945 1352 2999 debenus.

266 3020 334 3074 haee
354 3021 423 3074 enim
443 3020 600 3091 plerumque
620 3023 698 3074 etiam
718 3021 816 3074 divinis
834 3021 953 3090 patribus
972 3019 1059 3074 libers
1078 3019 1127 3071 luit
1145 3019 1264 3071 lieentia.

368 3117 432 3171 Gnrn
452 3119 531 3169 etiam
555 3117 610 3170 alia
630 3117 744 3186 plurima
764 3133 832 3186 quae
851 3117 984 3186 proferam
1011 3116 1076 3168 milri
1094 3116 1253 3186 suppetant,
1272 3121 1352 3182 aperta
1432 3129 1433 3134 ¹

267 3197 294 3242 et
313 3203 381 3256 qnae
400 3191 437 3240 ita
458 3197 488 3240 ut
505 3191 616 3242 refutari
636 3205 691 3241 non
711 3192 834 3257 possint,
856 3189 979 3256 probent,
999 3204 1057 3262 cunr
1077 3187 1195 3240 essentia
1214 3188 1283 3239 idern
1301 3200 1352 3237 esse

266 3259 383 3312 divinam
403 3259 592 3326 efficientium,
611 3269 638 3313 et
656 3262 809 3314 universnm
828 3261 1000 3313 efficientiam
1020 3260 1098 3312 etiarn
1117 3259 1201 3326 ipsius
1223 3261 1281 3310 eius
1299 3257 1351 3308 elli-

268 3331 402 3394 cientium,
424 3339 533 3398 propter
551 3331 746 3390 multitudinem
766 3333 869 3396 omitto,
890 3349 948 3384 curn
963 3331 1029 3383 haec
1048 3331 1173 3382 sulficere
1192 3337 1282 3397 putem
1299 3328 1351 3379 huic

268 3399 405 3468 colloquio
428 3402 612 3468 extemporali.
650 3404 773 3456 dicentur
792 3405 875 3472 igitur
894 3404 1008 3455 iortasse
1029 3403 1107 3454 etism
1134 3410 1229 3468 postea
1248 3414 1350 3468 progre-

267 3471 358 3522 diente
377 3473 411 3524 tle
430 3471 478 3524 tali
498 3475 643 3526 el'licientia
672 3477 803 3527 oratioue.
841 3491 911 3527 nunc
939 3483 1034 3527 auten
1057 3474 1288 3525 demonstrandum
1308 3476 1349 3530 est,

267 3543 399 3610 quomodo
419 3545 520 3596 adscita
538 3546 694 3597 delinitione
706 3546 790 3598 divini
810 3553 898 3614 patres
919 3554 946 3597 et
964 3544 1045 3598 lilium
1060 3552 1086 3596 et
1104 3545 1225 3612 spiritum
1245 3547 1350 3596 sunctum

265 3622 365 3666 vocent
385 3614 556 3668 eilioientianr
582 3624 719 3668 eteorum
744 3619 862 3684 ipsorum
883 3617 1069 3680 efficientiam,
1095 3624 1236 3682 utrumque
1255 3627 1349 3666 aeeon·

264 3686 379 3737 modste.
418 3695 499 3755 atque
518 3689 551 3740 do
572 3687 628 3740 lilio
648 3688 754 3756 quidem
773 3689 934 3742 Athanasius
954 3688 1060 3740 diuinus
1084 3688 1121 3738 itu
1140 3688 1218 3738 uicit:
1239 3702 1290 3739 non
1307 3685 1349 3736 ur.

264 3757 336 3808 ltiurn
357 3765 408 3821 est,
427 3759 490 3826 quin
510 3759 559 3810 ills
578 3761 613 3811 sit
630 3760 713 3826 putris
732 3761 795 3811 sita
813 3760 948 3824 uoluntas,
968 3767 996 3811 et
1013 3759 1045 3810 sti
1065 3760 1207 3812 essentium
1226 3759 1348 3826 pertinens

266 3827 431 3892 efficientia,
461 3837 488 3881 et
504 3832 572 3882 ratio
592 3845 666 3883 vera.
705 3830 738 3882 de
763 3831 858 3898 spiritu
881 3839 968 3882 autern
993 3830 1062 3882 idern
1081 3832 1118 3882 ita
1137 3829 1276 3898 loquitur:
1299 3839 1348 3879 unu

266 3913 334 3951 unus
353 3900 389 3951 sit
406 3900 477 3952 lilius
497 3902 564 3953 ratio
585 3903 663 3967 uisa,
682 3917 759 3953 unam
779 3910 888 3969 oportet
899 3901 1045 3969 perlectum
1064 3909 1090 3952 et
1111 3897 1217 3967 plenar'n
1240 3915 1296 3953 esso
1312 3897 1349 3948 vl·
1432 3899 1433 3904 ’

265 3979 316 4022 tarn
349 3969 424 4021 illam
451 3973 613 4025 sanctificans
648 3982 674 4024 et
691 3973 845 4038 lucentem,
870 3989 928 4025 cunr
953 3974 989 4025 sit
1016 3971 1162 4024 efficientia
1182 3975 1239 4025 eius
1260 3980 1284 4024 et
1300 3969 1348 4027 dots

267 4056 335 4109 quae
354 4055 369 4091 a
388 4049 464 4109 patro
482 4043 578 4095 dicitnr
598 4044 744 4112 proficisci.
788 4044 905 4111 cyrillus
934 4053 1021 4096 autem
1041 4043 1122 4096 simili
1141 4045 1218 4096 modo
1239 4053 1265 4095 et
1283 4043 1348 4107 ipset

267 4121 295 4163 et
314 4111 402 4178 filius,
423 4114 526 4182 inquit,
548 4123 589 4168 est
617 4116 680 4168 uita
700 4125 727 4168 et
757 4117 891 4168 essentiae
919 4114 1016 4168 similis
1041 4115 1196 4166 efficientia
1215 4123 1241 4166 et
1266 4114 1302 4165 uia
1327 4113 1348 4157 el

265 4184 399 4252 sapientia
421 4186 522 4252 patria,
543 4187 689 4239 efficientia
708 4187 787 4240 etiarn
808 4187 858 4240 lilii
878 4195 919 4239 est
937 4187 1046 4255 spiritus
1065 4194 1181 4240 sanctus.
1220 4179 1348 4239 efficientis

266 4255 365 4309 dicitur
385 4256 464 4310 utiam
483 4257 534 4326 vis,
555 4275 623 4332 quun
645 4259 742 4331 cuique
761 4257 802 4313 rei
821 4274 836 4314 a
855 4266 949 4315 nutura
967 4258 1058 4328 inest,
1078 4266 1106 4310 ut
1127 4257 1168 4312 uis
1188 4247 1347 4312 culelucienli
