2910 4896
197 295 201 304 ’
267 321 343 393 oro
469 293 473 302 ’
567 315 800 419 nicenum
828 315 1058 384 omoonru

265 491 386 572 χρῆναι
411 485 544 566 νομίζω,
566 483 625 547 τοῦ
644 481 684 548 τὰ
707 477 830 566 κρυπτὰ
860 484 1036 566 ἐφορῶντος
1065 482 1144 542 θεοῦ
1159 476 1356 560 γινώσκοντος

267 589 417 670 αἰιριβιός.
472 580 557 666 ὅμως
595 585 664 648 ἐπεί
688 586 833 672 θειοτὲρρι
860 583 962 669 βουλῇ
988 578 1043 646 τὸν
1068 579 1217 666 πατρῷον
1238 600 1288 642 σοι
1307 578 1357 658 τῆς

266 693 445 771 μοναρχίας
467 686 642 772 ἀνείληφας
658 688 784 770 κλῆρον,
806 677 994 766 οδβασιλεῦ,
1016 683 1071 747 καί
1091 675 1160 762 ἅμα
1187 679 1268 762 ἡμᾶς
1290 678 1356 742 α’ντ-

266 788 491 866 πεπνειίκειμεν
523 785 629 870 βραχύ
663 788 718 848 κατ’
747 781 821 850 ὅσον
856 780 899 866 μὴ
921 787 959 868 τῇ
989 785 1137 868 συνεχείρι
1169 783 1233 846 τῶν
1254 780 1356 842 δεινοῖν
1437 817 1438 870 3

266 885 519 973 α’πηγορευκότας
544 891 702 970 προέσθαι
725 882 760 948 τὸ
778 888 845 968 ζῆν,
867 887 922 948 καί
938 881 972 949 αἱ
993 887 1054 950 τῶν
1070 878 1290 968 ψηφισμάτων
1311 875 1376 958 κοίη

267 989 494 1072 εομσγραφιοδν
526 993 651 1054 ἐκείνων
685 989 809 1069 κηλῖδες
833 991 888 1052 καί
905 987 997 1068 κῆρες
1026 976 1102 1068 ἧκον
1122 983 1198 1066 ἡμῖν
1220 981 1264 1055 εἷς
1289 969 1358 1061 ὅφιν

268 1094 322 1153 καί
342 1086 449 1172 α’κοη’ν,
471 1087 608 1172 ἔγνωμεν
631 1079 691 1172 ἤδη
715 1093 827 1173 σαφῶς
840 1087 895 1150 καί
914 1085 972 1160 τὰς
993 1089 1061 1150 ἐκεῖ
1075 1083 1293 1169 βλασφημίας,
1311 1080 1358 1142 καί
1438 1171 1439 1174 ¹

269 1185 346 1266 ὅσας
368 1193 430 1255 τοῖν
450 1192 548 1254 θείων
567 1194 702 1273 γραφῶν
726 1187 783 1262 τὰς
807 1185 960 1268 διαβσλδς
981 1190 1174 1268 καταχέουσι
1196 1186 1251 1248 καί
1271 1205 1357 1248 συκσ-
1438 1177 1439 1184 '

268 1294 416 1375 φαντίας.
459 1290 628 1372 α’ναγιιαῖον
645 1281 703 1353 οὖν
721 1290 838 1352 ἐκεῖνον
852 1280 914 1372 η’δη
937 1282 1172 1370 προινεχθῆναι
1194 1284 1249 1350 τὸν
1270 1282 1357 1363 τόμοι

267 1393 312 1465 είς
333 1396 442 1472 μέσον,
463 1393 514 1455 ἵνα
534 1391 578 1474 μη
593 1387 695 1472 μαέην
717 1391 771 1454 καί
793 1391 836 1464 εἰς
851 1388 940 1453 κενὸν
962 1387 977 1452 ὃ
1002 1386 1121 1470 δρόμος
1142 1386 1216 1470 η’μῖν
1238 1382 1355 1470 ὑπάρχῃ
1365 1411 1389 1466 10
1439 1435 1440 1458 ,

267 1495 323 1557 τοῦ
345 1496 437 1574 λόγου
458 1495 619 1577 μηδεμίαν
641 1489 724 1573 ἔχων
745 1492 883 1576 κρηπῖδα
909 1491 964 1555 καί
984 1489 1108 1572 βάσιν.”
1439 1469 1440 1522 δ

233 1603 256 1653 Β
364 1593 399 1660 Ὁ
420 1595 455 1656 δὲ
475 1589 626 1674 βασιλευς
656 1591 736 1656 “οδκ
768 1591 862 1676 ἔργου
894 1592 981 1670 τινὸς
1001 1595 1142 1666 ἐντελοῦς
1171 1595 1204 1656 ἐν
1231 1593 1273 1679 τῷ
1295 1582 1357 1676 δρα

271 1691 444 1778 ζητοῦμεν”
482 1691 544 1779 ἔφη
560 1690 798 1775 “κατα’στασιν,
831 1693 910 1759 α’λλδ
941 1694 1085 1778 γνώσεως
1112 1689 1211 1757 οἱονεί
1236 1691 1357 1773 τυπικῆς

271 1795 325 1860 καί
348 1791 503 1869 σκιαίδους
533 1793 607 1878 ἴχνη
639 1793 694 1858 καί
718 1793 941 1879 ὑπομνήματα.
985 1787 1005 1881 ἦ
1036 1795 1097 1878 γσὶρ
1129 1787 1168 1856 δν
1191 1789 1358 1857 ἐπισκόπων
1440 1783 1441 1788 ¹

252 1900 326 1962 ’καί
356 1900 560 1980 πατριαρχιδν
586 1892 666 1978 ὁμοῦ
695 1897 748 1960 καί
775 1899 995 1981 πρεσβυτέρων
1029 1893 1204 1980 συνήγομεν
1232 1899 1390 1976 θέατρα,15

271 2000 326 2062 καί
346 2000 402 2060 ουίι
424 1999 457 2062 έν
470 1996 668 2086 παραβύστῳ
689 2001 851 2088 καίγωνίρι
870 1995 904 2062 τὸ
919 2000 1049 2082 πρᾶγμα
1073 1996 1148 2078 ἡμῖν
1170 1995 1288 2060 οὑτωσί
1299 2013 1357 2066 πως
1441 2054 1442 2072 η

271 2101 415 2164 ἐτελεῖτο.
459 2095 548 2164 ἔσται
572 2102 601 2162 δ’
623 2093 680 2162 οὖν
704 2094 788 2180 ὅμως
817 2099 939 2162 κάκεῖνο
970 2097 1048 2162 κατὰ
1076 2094 1128 2161 τὸν
1156 2099 1266 2160 δέοντα
1284 2089 1359 2176 χρό-
1441 2087 1442 2158 ί

136 2231 157 2285 η,
177 2218 228 2278 134
237 2238 259 2276 r,
270 2199 351 2266 νον.”
394 2197 566 2280 δπολαβσδν
588 2191 644 2262 οὖν
670 2199 686 2262 ὁ
707 2203 871 2280 Παλαμᾶς
893 2200 938 2271 είς
958 2195 1121 2280 Βαρλαοὶμ
1145 2195 1271 2279 α’νοὶγειν
1291 2192 1358 2258 ἐπε-

269 2303 372 2385 χείρει
394 2299 449 2366 τὸν
473 2299 574 2383 λόγον,
594 2303 649 2365 καί
668 2296 884 2364 denuncietur&
906 2302 1005 2378 ζῶντα
1028 2303 1062 2363 ἐκ
1084 2304 1146 2363 τῶν
1165 2300 1288 2380 νεκρῶν.
1310 2291 1357 2358 ἐκ·

272 2406 461 2484 κέκρουσται
483 2403 518 2464 δέ
538 2400 618 2480 πρὸς
641 2404 696 2465 τοῦ
709 2403 739 2464 Γ
737 2405 865 2485 ρηγορᾶ,
883 2403 929 2476 είς
950 2398 983 2465 εδ
1008 2400 1130 2485 α’φανὲς
1153 2393 1391 2488 καταφεὺγωηῖθ
1442 2461 1443 2468 1

272 2504 394 2583 παρόν,
425 2498 447 2564 δέ
475 2497 536 2584 πρδ
560 2500 758 2586 ὀφθαλμῶν,
789 2502 913 2578 τούτοις
934 2507 1112 2585 κεχρῆσθαι
1133 2501 1213 2586 πρὸς
1231 2498 1286 2583 τὴν
1303 2524 1359 2562 πα·
1442 2553 1443 2568 2

272 2605 394 2684 ροῦσαν
415 2605 538 2685 χρείαν.
581 2601 630 2666 διδ
657 2607 711 2667 καί
729 2603 809 2686 πρὸς
830 2599 942 2686 ἑτέραν
958 2599 1154 2686 τραπόμενος
1177 2599 1214 2668 ια’
1237 2625 1268 2668 τε
1288 2595 1357 2664 ἄλλα

274 2702 496 2789 ε’πολυλόγησι,
521 2706 576 2768 καί
597 2697 664 2786 ἅμα
686 2707 882 2789 κατέδραμεν
907 2702 941 2769 εἴ
959 2717 1040 2780 τινες
1064 2697 1126 2769 εἶεν
1149 2699 1180 2767 οἱ
1199 2703 1254 2788 την
1275 2700 1356 2766 θείαν

273 3005 341 3055 mus,
360 2991 526 3044 committere
545 2991 653 3045 auribus
675 2992 809 3044 homiuum
825 2994 932 3045 omniuo
951 3007 1005 3045 uun
1023 3007 1137 3045 necesse
1150 2999 1225 3059 puto,
1244 2991 1301 3053 deo,
1318 2982 1355 3054 qui

274 3063 364 3115 oculta
382 3064 587 3129 animadvertit,
618 3065 684 3115 haec
704 3073 828 3116 accurate
856 3066 1047 3132 perspiciente.
1083 3072 1171 3116 tamen
1192 3079 1250 3115 cum
1269 3059 1356 3114 voluu-

274 3143 329 3186 tate
348 3136 447 3199 diviua,
469 3137 621 3202 imperator,
641 3137 753 3202 patriam
773 3144 845 3192 tuam
862 3137 967 3203 imperii
986 3144 1084 3188 sortem
1104 3137 1256 3202 susceperis
1274 3128 1357 3186 simul-

276 3221 328 3274 que
345 3220 394 3257 nos
415 3206 588 3258 refecerimus
609 3207 745 3274 paululum
771 3209 816 3274 qui
842 3209 1043 3273 perseverentia
1072 3207 1254 3274 periculorum
1271 3200 1356 3256 defati-

275 3279 331 3344 gati
350 3278 430 3330 vitam
451 3292 504 3329 nou
524 3279 709 3342 abiecerimus,
730 3295 842 3346 cumque
860 3280 1026 3331 decretorum
1046 3287 1072 3330 et
1087 3275 1357 3330 voluminumiiloruro

276 3347 396 3398 maculae
415 3356 442 3399 ct
461 3349 542 3400 exitia
561 3351 589 3400 in
610 3358 781 3416 conspectum
800 3350 877 3401 uobis
898 3351 1041 3402 inciderint
1066 3358 1093 3401 et
1112 3349 1207 3400 famam
1227 3350 1277 3399 iam
1296 3344 1357 3396 clare

277 3421 491 3485 perspexerimus
519 3428 546 3471 et
564 3423 687 3473 convicia
712 3423 762 3472 ista
791 3431 817 3472 et
841 3437 1013 3490 quascunque
1039 3430 1131 3474 contra
1157 3420 1242 3472 libros
1266 3417 1357 3470 divinos

276 3490 486 3542 obtrectationes
504 3490 639 3561 falsusque
659 3494 859 3544 criminationes
880 3495 1031 3544 effunduutr
1059 3508 1173 3543 necesse
1199 3493 1279 3562 igitur
1301 3481 1358 3538 iilud

277 3560 404 3612 volumen
430 3563 481 3613 ium
507 3564 665 3630 proferatur·
683 3565 710 3614 iu
729 3566 861 3628 medium,
880 3581 914 3616 ue
939 3566 1024 3616 oratio
1052 3573 1144 3615 nostra
1163 3573 1264 3616 temere
1282 3568 1307 3612 et
1321 3558 1358 3606 iu-

277 3647 379 3685 cassum
402 3635 539 3700 procedat,
560 3635 663 3686 nullum
686 3635 785 3687 habens
806 3637 913 3687 fundum
934 3637 1194 3703 fundamentumque.

374 3721 438 3774 'fam
457 3739 523 3774 rex:
552 3739 606 3774 non
628 3725 734 3790 operis,
754 3726 854 3791 inquit,
875 3725 989 3791 perfecti
1009 3726 1036 3775 iu
1058 3727 1194 3791 praesenti
1213 3724 1358 3792 requirimus

276 3795 517 3858 compositioucm3
535 3797 581 3846 sed
602 3795 739 3846 doctrinae
759 3805 881 3862 tunquam
901 3795 1065 3862 symbolicae
1092 3805 1118 3846 ct
1138 3798 1267 3848 obscurae
1285 3790 1359 3845 resti-

279 3865 323 3932 giu
345 3871 372 3914 et
390 3867 476 3932 signa.
513 3867 635 3932 profecto
656 3869 725 3917 enim
752 3868 969 3934 presbyterorum
999 3882 1124 3918 coronam
1147 3867 1358 3920 convocabamus:

276 3950 365 4002 neque
387 3951 453 3988 vero
474 3939 500 3987 iu
518 3946 623 3989 secreto
645 3947 671 3989 et
690 3955 798 3990 recessu
818 3954 862 3989 res
879 3940 956 3989 nobis
978 3938 1036 3989 ulio
1057 3941 1133 3991 modo
1157 3937 1359 4004 componebatur,

277 4015 451 4073 componetur
469 4016 557 4059 tamen
575 4011 644 4060 iusto
664 4019 793 4076 tempore.
833 4011 875 4060 cui
893 4011 1014 4061 referens
1028 4011 1146 4063 Palumas
1167 4014 1194 4062 iu
1208 4010 1360 4062 barlaamum

277 4087 437 4130 convertere
467 4080 612 4132 conabatur
639 4097 787 4132 sermonem
812 4082 874 4133 viva
903 4098 937 4132 ex
961 4085 1072 4135 mortuis
1097 4085 1288 4134 demonstrare.
1322 4069 1361 4126 ted

276 4150 393 4202 reiectus
424 4159 465 4202 est
491 4168 540 4218 per
567 4155 711 4221 Gregoram
738 4170 796 4204 cnm
822 4155 854 4204 ad
882 4169 925 4204 res
952 4154 1077 4206 obscurus
1104 4155 1276 4224 confugeret:
1302 4139 1361 4214 quod

276 4221 374 4276 liceret
391 4231 453 4276 ante
474 4223 568 4278 oculos
589 4226 677 4292 posita
693 4224 725 4277 ad
745 4241 850 4278 causum
864 4234 1031 4294 praesentem
1045 4226 1188 4280 adbibere:
1206 4221 1361 4295 quamobrem
