2880 4910
222 278 297 358 aot
526 264 751 424 mceruom
788 285 1089 363 euueonhn
1094 333 1101 344 .

221 454 334 534 λογίων
366 451 505 539 σῖμδηοος
538 454 593 520 καὶ
619 451 713 531 αὐτὸς
743 453 778 519 τὸ
799 451 953 536 παράπαν
974 439 1233 532 διατοτέλεκεν,’
1213 477 1232 570 η
1254 474 1311 514 ου-

223 553 300 619 vulo
321 556 380 636 μὲν
408 557 509 621 ένίοτο
529 549 631 642 τδχης
653 552 849 640 έλαυνσδσης
871 553 975 638 τινός,
996 551 1105 621 ἔπειτα
1125 562 1192 629 τοῖς
1213 545 1312 626 ἄλλοις

220 654 289 718 ἐκεῖ
306 655 488 779 συμπαρών
511 663 594 776 μέν,
618 657 680 741 οδχ
708 653 789 740 ὅρων
812 659 848 722 66
866 655 1030 777 θεοτήτρυν
1062 654 1216 721 οἲκτνστων
1236 655 1314 734 σμῆ-

219 777 272 830 νος
293 756 444 876 α’πείρωγ,
465 755 636 880 πρόσχημα
672 782 731 840 την
756 753 912 822 σύστασιν
942 756 997 821 καί
1018 755 1078 838 οδχ
1104 740 1236 842 ἑκουσίῳ
1258 755 1314 841 δρρῑ

221 857 348 944 διανοίην
366 857 421 920 καί
442 855 564 944 γνωμῃ,
588 857 643 923 τδν
665 862 815 942 προφανῆ
830 863 887 940 τῆς
904 855 1016 933 κακίας
1041 853 1169 938 ἔλεγχον
1192 817 1312 926 δέδιας·
1305 856 1335 908 ·5

219 954 268 1018 διδ
293 919 349 1020 καλ
370 958 453 1041 δρῶν
473 960 535 1044 οδχ
557 958 619 1048 ὁρᾷ
641 958 697 1024 καί
718 955 844 1022 α’κοδων
867 960 925 1021 ου’νν
947 955 1064 1022 α’κοδει.
1087 956 1162 1020 ⁰666
1184 956 1247 1020 τῶν
1267 961 1315 1019 λε-

217 1058 358 1138 γομένων
397 1055 478 1136 ὅλως
512 1062 634 1141 ἐπαΐει,
671 1059 714 1135 ὥς
747 1057 894 1141 γίνεσθαι
933 1061 1036 1143 σαφὲς
1072 1059 1119 1122 ἐπ’
1153 1056 1255 1120 αὐτοῦ
1282 1052 1314 1118 οδ

218 1156 386 1277 λεγόμενον
409 1158 488 1245 πρὸς
510 1166 563 1244 τῆς
584 1162 711 1246 γραφῆς
728 1156 831 1246 “α’κοῇ
855 1160 1027 1226 ἀκούσεται
1052 1163 1107 1224 καί
1125 1161 1163 1222 οδ
1185 1157 1315 1241 συνῆσαν,

203 1257 274 1322 *nai
293 1263 420 1341 βλέπων
442 1263 484 1324 ov'
503 1259 552 1345 μη
570 1259 638 1349 ἶδη·
684 1261 858 1386 ἐπαχύνθη
877 1260 939 1344 γὰρ
964 1289 982 1345 η
973 1257 1121 1344 ε’καρδια
1143 1260 1273 1324 661662’

151 1371 206 1424 15
302 1365 441 1428 Πολλων
463 1359 528 1427 δ’“
509 1387 596 1479 ομως
618 1358 716 1428 ὄντων
737 1361 771 1426 06
789 1360 828 1426 τα
843 1363 965 1426 ἐκείνου
981 1363 1163 1445 λαμπρῶς’
1147 1386 1187 1425 επ
1189 1357 1350 1456 ’ένκλη-Ῑθ

130 1460 134 1475 ¹
217 1465 291 1537 σίας
303 1455 458 1580 δμνοῦσιν
474 1461 610 1548 ἁπάσης,
633 1461 747 1530 δπὸοαι
760 1463 818 1548 γῆν
833 1485 867 1528 τε
887 1468 940 1526 και
937 1459 1123 1528 θάλασσαν
1147 1462 1316 1543 διαλαχοδ-

218 1588 274 1629 σαι
297 1559 332 1627 τό
355 1561 484 1645 εδσεβὲς
505 1567 688 1652 6panlo6oa
710 1564 877 1649 κη’ρυγμα,
904 1566 1028 1649 καίριον
1060 1559 1142 1629 εἶναι
1164 1566 1253 1626 δοκεῖ
1267 1585 1317 1641 μω
1419 1631 1420 1666 ρ

217 1666 274 1728 νῦν
294 1665 514 1751 α’πυλεξαμένην
528 1665 616 1748 ’πρὸς
635 1666 734 1745 μέσον
748 1663 802 1728 ἕνα
814 1689 875 1730 που
891 1667 946 1729 καί
965 1664 1023 1728 δύο
1040 1671 1246 1748 παραγαγεῖν,
1269 1662 1318 1726 καί

218 1766 323 1842 δείξαι
345 1764 465 1828 τὀυτωλ·
483 1765 607 1850 τάνδρί,
631 1761 685 1830 καί
705 1763 825 1841 εἴτννες
840 1758 945 1830 εἶεντδ
963 1763 1089 1848 η’λίθνον
1107 1765 1195 1853 αὐτῷ
1216 1787 1317 1844 παρα·
1419 1835 1420 1866 ρ

218 1862 358 1948 πλησιυι,
384 1868 416 1942 ἐξ
438 1865 564 1946 α’νδχων
586 1864 638 1931 τὸν
661 1870 773 1930 λέοντα
800 1869 859 1928 ndu
891 1873 950 1930 τοῦ
971 1869 1152 1947 κρασπέδου
1177 1863 1212 1930 τὸ
1235 1859 1348 1948 δρα-15
1419 1867 1420 1876 ’

217 1992 293 2052 σμα,
316 1963 371 2040 τὰς
391 1967 450 2028 τοῦ
471 1971 680 2049 προκειμένου
698 1969 779 2050 λέγω
797 1964 963 2050 μάρτυρος
990 1962 1157 2049 α’θλήσεις,
1191 1959 1267 2039 ὅσας
1286 1985 1316 2028 το

216 2069 272 2132 καί
291 2071 358 2144 οἵας
382 2067 461 2150 ὑπὲρ
486 2064 595 2153 φύσιν,
616 2064 649 2132 έν
665 2061 748 2152 ὅροις
761 2071 865 2148 μένων
888 2068 945 2150 τῆς
968 2065 1106 2153 φύσεως,
1132 2068 1316 2150 ἐκαρτέρησε

217 2164 351 2250 πάσχων
371 2171 507 2250 ἐκεῖνος,
539 2173 595 2233 καί
616 2168 694 2293 πρός
714 2192 749 2251 γε
781 2168 817 2232 τὸ
848 2170 984 2251 μέγεθος
1015 2170 1070 2251 τῆς
1104 2170 1226 2286 σοφίας
1248 2166 1315 2246 μεθ’

217 2259 255 2350 ἧς
278 2270 446 2352 α’ντιλέγων
470 2267 526 2344 κάς
547 2270 608 2334 τῶν
630 2270 847 2352 εἶκονσμδχων
874 2270 1036 2345 ἒνστᾰσεις
1068 2265 1213 2354 ἀράχνης
1236 2271 1316 2350 δίκην

217 2371 332 2433 διέλυε.
376 2371 432 2432 καί
462 2373 587 2451 πρῶτος
606 2373 672 2450 μὲν
698 2369 714 2435 6
742 2374 847 2446 πάσας
882 2369 995 2453 σχεδὸν
1023 2371 1081 2445 τὰς
1109 2376 1173 2434 τῶν
1204 2368 1344 2451 έξδχωνλθ

81 2483 202 2540 t..158v
218 2469 315 2551 οἷγιων
337 2468 466 2554 μνήμας
498 2473 541 2533 δι’
573 2475 686 2547 αίαῖνυς
720 2472 830 2546 δκοαίς
850 2473 991 2552 εὐσεβῶν
1012 2475 1248 2552 παραπέμψας,
1268 2465 1313 2531 κοί

217 2573 323 2636 πᾶσαν
346 2567 523 2657 πανήγυριν
544 2579 609 2648 τοῖς
632 2573 758 2648 οἰκείοις
779 2569 884 2656 λόγοις
905 2571 1068 2658 κοσμήσας
1090 2594 1125 2635 τε
1150 2574 1207 2636 καί
1226 2592 1308 2636 πνου-

218 2911 273 2950 non
292 2895 390 2948 recisae
409 2895 528 2960 omnino,
548 2902 593 2948 aut
613 2911 672 2948 oum
698 2896 861 2950 convenisse
887 2896 993 2966 quidem
1018 2894 1083 2950 illos
1107 2895 1252 2965 aliquando
1271 2892 1311 2948 aed

220 2967 331 3020 fortuita
353 2973 379 3018 et
397 2968 468 3019 inter
488 2982 536 3019 eos
556 2974 748 3020 commoratum
777 2985 837 3020 esre
869 2969 906 3020 ita
933 2977 962 3020 ut
989 2969 1117 3020 deitatum
1142 2970 1311 3022 increatarun

220 3040 323 3092 turbam
350 3053 404 3090 non
428 3047 590 3107 agnosceret
618 3046 645 3090 et
668 3040 825 3091 societatem
852 3055 906 3092 uon
932 3048 1028 3106 sponte
1046 3049 1135 3092 mente
1155 3056 1203 3094 sua
1223 3055 1254 3091 ac
1271 3054 1310 3090 ra-

219 3113 294 3163 tione
319 3111 429 3162 fecisset
455 3111 502 3162 sed
522 3119 644 3162 metuens
672 3127 707 3162 ne
727 3110 813 3194 palam
841 3111 1011 3163 contumeliis
1036 3112 1200 3165 alliceretur.
1237 3111 1311 3180 igitur

220 3184 264 3251 qui
284 3181 378 3233 oculos
398 3180 490 3232 habuit
507 3182 576 3234 nihil
597 3182 673 3247 vidit,
694 3184 739 3250 qui
760 3199 838 3234 aures
864 3182 932 3234 nihil
957 3184 1060 3236 audivit
1078 3200 1167 3252 neque
1190 3184 1311 3235 dictorum

220 3254 361 3322 quidquam
379 3251 525 3317 intellexit,
544 3255 582 3305 ita
602 3261 632 3304 ut
650 3253 786 3306 valeant'
779 3271 806 3305 ra
825 3256 910 3321 ipsum
929 3255 1012 3307 verba
1024 3264 1132 3308 sanotae
1151 3257 1310 3322 scripturae·

219 3325 337 3377 ‘auribus
356 3311 446 3375 audiet
465 3291 586 3392 ηοίδσω,
612 3326 659 3377 sed
677 3325 745 3377 nihil
765 3328 920 3394 concipiet,
948 3343 1037 3396 neque
1069 3326 1155 3379 oculis
1178 3327 1311 3394 quidquam

218 3397 337 3459 videbit3
355 3410 415 3446 nam
436 3409 483 3446 cor
502 3397 624 3462 perdrum
646 3396 745 3448 hahet!

281 3482 470 3554 Serlquum
489 3483 565 3535 multi
592 3485 646 3536 sint
665 3486 710 3553 qui
738 3488 850 3555 egregie
878 3487 911 3538 de
939 3487 988 3538 illo
1015 3487 1082 3538 haec
1108 3486 1246 3539 eelebrent
1268 3497 1311 3550 per

219 3555 361 3608 ecclesiam
380 3562 461 3605 totam
481 3563 611 3624 quotquot
630 3572 678 3623 per
699 3573 770 3610 mare
789 3574 821 3610 ae
838 3565 933 3610 terram
954 3559 1061 3625 pietatis
1082 3559 1253 3626 praeconium
1271 3554 1310 3606 la-

220 3630 303 3692 ciunt,
326 3634 414 3694 aptum
433 3626 498 3676 mihi
519 3628 625 3680 videtur
646 3628 751 3696 eligere
770 3639 797 3680 et
817 3630 844 3680 in
862 3630 977 3681 medium
995 3646 1076 3682 uuum
1096 3629 1141 3681 vel
1167 3631 1232 3682 duos
1250 3640 1309 3694 pro-

219 3713 320 3750 vocure
343 3704 369 3748 et
386 3697 449 3748 huic
471 3699 530 3750 viro
551 3707 579 3750 et
598 3700 697 3751 ceteris
715 3701 738 3752 si
758 3702 804 3769 qui
824 3701 893 3752 forte
912 3702 1069 3752 temeritatis
1094 3703 1151 3752 eiua
1169 3700 1236 3754 socii
1253 3699 1308 3757 siut,

221 3785 255 3820 ex
273 3768 405 3836 unguibus
425 3771 569 3821 ostendere
588 3770 695 3822 leonem
718 3778 745 3821 et
774 3772 931 3839 emargine
950 3777 1060 3824 textum.
1106 3774 1165 3824 dieo
1195 3769 1308 3836 martyria

219 3841 253 3892 de
273 3855 324 3908 quo
345 3840 457 3892 diximus
477 3840 638 3893 luctationea
660 3851 731 3910 quot
745 3851 771 3894 et
789 3841 884 3911 quales
903 3843 952 3899 ille
971 3844 1122 3910 pertulerit,
1142 3859 1206 3928 quaa
1225 3855 1309 3910 quam·

219 3913 261 3963 vis
281 3927 360 4033 supra
378 3914 451 3964 vireo
472 3911 598 3963 humanae
618 3921 709 3965 essent
735 3922 823 3965 tomen
851 3923 944 3966 natura
970 3930 1018 3966 aua
1043 3917 1194 3983 superavit,
1221 3913 1309 3982 quibus

221 3984 299 4034 etiam
320 3983 416 4034 fortior
435 3981 520 4034 iaetus
541 3991 590 4035 est.
637 3983 690 4034 huc
714 3987 818 4037 accedit
843 3987 997 4054 magnitudo
1023 3988 1081 4039 eius
1099 3987 1246 4055 sapientiae
1264 3995 1309 4061 οπο

220 4055 386 4124 impugnavit
406 4062 433 4104 et
451 4054 686 4106 iconomachorum
705 4057 848 4122 opiniones
867 4072 982 4111 araneae
992 4057 1085 4109 instar
1103 4057 1234 4112 dissolvit.
1269 4066 1309 4121 11111

221 4127 300 4176 etiam
321 4127 420 4193 primus
437 4140 541 4175 omnem
563 4124 621 4176 fere
639 4125 757 4177 virorum
770 4136 932 4187 sanctorum
943 4131 1096 4180 memoriam
1114 4131 1142 4181 in
1161 4134 1308 4197 perpetuum

220 4197 338 4250 fidelium
357 4195 466 4248 auribus
491 4196 645 4250 reservavit
673 4204 699 4250 et
723 4214 848 4251 coronam
868 4200 936 4254 hane
963 4201 1019 4254 suia
1045 4202 1129 4268 ipsius
1152 4196 1307 4255 sermonibus
