2926 4906
236 355 456 426 ntsronun
484 353 741 420 suzturtunr.
754 353 893 418 xxxiv.
917 330 1042 414 1-5.
1131 333 1202 412 ttt
1253 302 1256 310 ¹

120 515 209 596 εἴτις
230 517 360 604 λαλήσει
380 517 460 604 πρός
482 517 575 604 φίλον
597 514 712 580 aurosi?
754 513 810 578 καί
831 511 924 588 αότός
947 507 1123 595 δ’άντικρός
1145 532 1208 594 φη-

119 645 166 684 σιν
188 618 205 685 ό
227 620 302 698 θεὸς
321 618 436 703 ιστόμα
458 617 540 684 κατόι
560 617 661 702 στόμα
682 617 808 703 λαλήσιρ
828 613 914 702 uuirt?
934 615 967 680 ἐν
983 610 1061 677 εἴδει
1081 613 1136 676 καί
1154 608 1208 672 υό-

119 723 157 812 δι’
176 721 393 807 αἰνιγμάτων.”
1056 777 1061 784 .

212 822 307 910 Πρός
318 825 418 887 ταῦτα
433 820 633 907 όΓρηγοράς
650 818 825 903 ἀπήντησεν
841 816 960 883 οότωσί
970 841 1048 892 πως.
1070 817 1099 878 εἰ
1110 811 1208 898 ε’μμό-
1219 846 1245 898 ⁴

94 913 179 992 ονείν
199 924 370 1007 βούλοισθε
390 929 460 999 ταῖς
481 927 600 996 κοιναῖς
621 921 755 994 ἐκείναις
783 921 839 1003 τής
866 921 922 984 τοῦ
942 915 1210 1000 θεοῦζέκκλησίας

117 1027 258 1104 ἐννοίαις,
285 1023 328 1102 ὥς
344 1029 404 1107 μία
425 1021 514 1107 παρὰ
535 1026 633 1086 πᾶσιν
652 1018 852 1104 ὁμολογεῖται
874 1019 987 1103 θεότης
1006 1013 1167 1093 άκτιστος,
1191 1012 1336 1100 {imm

119 1125 156 1209 δή
176 1127 232 1191 καί
252 1125 346 1191 οὐσία
370 1126 425 1189 καί
449 1123 544 1210 φάσις
563 1129 703 1186 καλεῖται
729 1123 785 1185 καί
811 1121 845 1186 ἓν
870 1123 939 1206 φαῖς
960 1120 1133 1205 ἀπρόσιτον
1155 1118 1211 1182 καί

120 1225 292 1307 άδιάδοχον
316 1225 490 1308 άειλαμπὲς
519 1223 575 1288 καί
600 1220 784 1309 τριλαμπές,
811 1218 860 1305 εἴη
890 1217 927 1284 ἰόν
949 1220 1005 1284 καί
1026 1218 1118 1304 λόγος
1136 1216 1212 1302 ήμῖν

116 1329 170 1392 καί
191 1329 344 1406 διάλεξις·
401 1330 435 1392 ἐν
463 1325 570 1391 ἐλπίσι
600 1324 662 1411 γάρ
692 1327 822 1387 κεῖσθαι
852 1322 1001 1406 προϊοῦσι
1030 1318 1085 1404 τήν
1104 1342 1138 1382 τε
1156 1320 1212 1400 τῆς
1235 1326 1237 1339 “

77 1439 108 1501 'to
118 1429 270 1512 ἀληθείας
304 1426 430 1513 εὕρεσιν
455 1427 511 1492 καί
533 1424 588 1510 τήν
610 1429 665 1509 τῆς
694 1423 807 1498 κακίας
829 1422 1012 1507 ἀναίρεσιν·
1057 1417 1161 1494 άλλως
1183 1422 1211 1484 δ’

118 1525 244 1611 ἄμεινον
276 1532 411 1617 σιουπρῖν.
468 1526 538 1591 ἐπεί
564 1527 670 1590 τοίνυν
697 1521 752 1608 τήν
782 1520 885 1608 ἀρχήν
916 1529 986 1597 ταῖς
1017 1527 1138 1596 κοιναῖς
1157 1521 1213 1604 τῆς

116 1629 285 1712 ἐκκλησίας
307 1628 442 1704 ἐννοίαις
464 1628 519 1692 καί
545 1629 608 1690 ταῖν
642 1625 807 1709 δογμάτων
828 1620 1059 1706 ιδμαλογήκατε,
1083 1619 1154 1686 δέον
1173 1619 1214 1686 τὰ

116 1723 253 1812 ἑπόμενα
278 1730 449 1809 δέχεσθαι·
494 1729 523 1792 εἰ
545 1730 575 1791 δ’
594 1720 659 1802 οόν,
681 1719 813 1800 ἓαυτοός
835 1724 891 1810 ἀφ’
914 1717 1020 1804 ἑστίας
1041 1719 1131 1790 αὗταί
1154 1745 1212 1784 κα-

113 1829 255 1893 ταλόετε·
308 1829 364 1894 καί
395 1831 463 1903 πῶς
499 1824 602 1892 ἄλλων
631 1825 783 1911 λεγόντοιρ
820 1824 985 1902 άνόξεσθες
1014 1817 1111 1906 ήέπί
1130 1822 1213 1888 τίσιν

79 1931 237 2004 15ἑλπίσιν
274 1927 507 2014 άναμφιβόλοις
541 1926 559 1992 ό
596 1924 904 2012 προσδιαλεγόμενος
934 1922 988 1988 τόν
1021 1925 1077 1988 τοῦ
1113 1920 1213 2007 λέγειν

114 2030 239 2112 μόχθον
259 2027 431 2111 δπομενεῖ;
462 2028 532 2092 ἐπεὶ
552 2027 658 2093 τοίνυν
679 2030 768 2089 θεῖον
791 2024 826 2090 τό
857 2025 960 2108 δόγμα
978 2022 1034 2088 καί
1052 2021 1139 2106 κοινή
1157 2025 1213 2105 τῆς
1223 2058 1248 2110 ⁸

115 2131 282 2215 ἐκκλησίας
301 2129 408 2194 ἔννοιά
436 2131 522 2193 ἐστιν
556 2127 599 2204 τός
620 2126 696 2192 θεόν
720 2127 824 2205 οὐδεὶς
857 2122 979 2213 ἓοόρακε
999 2129 1124 2192 πώποτε
1149 2115 1211 2190 οὔτ)

114 2231 192 2295 ἰδεῖν
215 2229 351 2294 δόναταί
367 2253 415 2306 τις
439 2224 501 2293 οὔτ’
519 2229 666 2314 ’ἀγγέλων
686 2224 749 2292 οὔτ’
774 2228 962 2314 ἀνθρώπων,
986 2230 1092 2312 εἰμὲν
1117 2225 1211 2290 esino-

115 2331 272 2414 ρήσαιμεν
293 2332 328 2394 ἐκ
349 2334 406 2395 τοῦ
436 2329 546 2407 εὐθέος
565 2331 753 2414 μαρτυριῶν
780 2332 957 2414 γραφικῶν,
981 2328 1083 2394 οὐκέτι
1101 2326 1213 2411 χάραν

77 2429 200 2511 οοέχειν
220 2427 328 2515 χρεόν
360 2429 395 2495 τό
417 2419 715 2517 άμφισβητήόιμον·
768 2430 797 2492 εἰ
819 2429 854 2494 δὲ
874 2427 920 2512 μή
943 2431 1035 2493 τοῦθ
1056 2427 1133 2513 ἡμῖν
1153 2429 1212 2512 sip-

114 2533 190 2608 τίσις
202 2534 237 2595 ἐκ
258 2533 315 2594 τοῦ
336 2530 453 2621 ῥᾴστου
466 2517 666 2616 προσγίνσιτο
689 2527 742 2592 διά
764 2526 799 2593 τό
811 2528 929 2614 γρῖφόν
943 2553 977 2594 τε
993 2529 1049 2594 καί
1070 2527 1212 2611 όμιχλῶε

118 2634 168 2706 δες
200 2635 257 2714 τής
286 2634 437 2717 γραφῆς,
471 2628 739 2716 παραπετάσματι
771 2629 1009 2714 καλυπτομένης
1043 2629 1141 2696 ἐνίοτε
1172 2629 1213 2713 τῇ

116 2729 259 2820 ἀσαφείᾳ
295 2732 349 2796 διά
371 2753 404 2794 τε
428 2729 499 2806 τοὺς
532 2730 687 2814 βεβήλους
719 2729 802 2794 κατά
830 2729 948 2813 τρόπον
977 2718 1212 2816 οίκονομίας,ᾖ

116 3031 214 3084 minum
233 3032 369 3084 sedentem
398 3034 426 3086 in
443 3033 540 3086 throno
571 3032 626 3086 nito
655 3039 682 3085 st
703 3033 793 3097 firmo,
824 3038 851 3084 et
868 3046 959 3084 rursus
978 3031 1078 3086 biosem
1098 3031 1214 3101 legimus

115 3117 244 3154 numeres
274 3102 380 3156 locutus
407 3112 448 3156 est
471 3105 594 3156 dominus
622 3119 680 3155 oum
700 3105 773 3156 bione
798 3104 831 3157 de
861 3117 909 3155 ore
933 3103 966 3156 ed
985 3117 1031 3167 os,
1049 3103 1088 3154 its
1107 3111 1138 3156 ut
1156 3121 1214 3160 cum
1312 3139 1315 3144 -
1396 3138 1398 3142 ·

116 3175 212 3227 amico.
256 3181 282 3224 et
305 3175 364 3240 ipse
385 3175 451 3226 deus
474 3176 556 3227 dixit:
581 3177 614 3228 de
633 3190 680 3226 ore
704 3175 736 3226 ad
755 3189 785 3225 os
804 3173 900 3242 loquar
924 3189 983 3225 cum
1005 3173 1215 3240 contractem,

117 3259 169 3296 non
187 3259 238 3311 per
256 3247 415 3312 oenigmata.
532 3253 535 3259 ·

217 3332 257 3385 tto
276 3333 343 3384 hoec
365 3334 497 3403 Gregoms
524 3337 560 3388 its
588 3336 645 3388 iere
664 3335 816 3400 respondite
842 3335 863 3385 si
890 3334 1065 3402 acquiescere
1086 3331 1168 3385 ruitis
1186 3333 1215 3383 in

118 3403 300 3455 communibus
318 3404 374 3456 iliis
392 3407 499 3458 divinae
526 3407 660 3461 ecelesiae
679 3406 830 3468 sententiis,
848 3421 925 3456 unum
952 3419 1011 3456 esse
1029 3405 1129 3472 puriter
1146 3403 1216 3470 sputi

119 3483 211 3524 omnes
229 3474 352 3526 deitatem
372 3477 533 3542 increatum,
562 3495 631 3546 quoe
662 3485 688 3528 et
705 3478 820 3528 essentis
846 3483 873 3526 et
897 3483 991 3528 nature
1009 3474 1170 3542 sppeiintnr,
1190 3482 1217 3526 et

118 3558 195 3594 unam
216 3543 302 3594 iucem
320 3547 533 3599 inaccessibilem
553 3558 580 3601 et
597 3545 904 3614 incomprehensibilem,
931 3546 1170 3614 semperluceutem
1190 3552 1218 3597 et

119 3615 300 3678 trilucentent,
322 3617 373 3667 erit
390 3617 466 3668 vobis
486 3620 598 3671 ratioet
617 3619 791 3684 disceptatio,
812 3618 911 3684 quippe
932 3618 976 3684 qui
996 3619 1023 3668 iu
1043 3632 1091 3684 sps
1109 3616 1216 3682 ponetis

122 3683 180 3736 iore
200 3693 228 3735 ut
247 3686 346 3736 veritus
383 3687 553 3753 invenietur,
577 3689 732 3756 improbitas
750 3687 869 3739 tollatur.
912 3687 980 3739 elias
997 3687 1094 3738 meiius
1113 3694 1155 3738 est
1174 3693 1217 3738 ts.

121 3769 193 3818 cere,
213 3771 291 3822 quum
310 3757 392 3824 igitur
412 3757 445 3807 nb
464 3759 541 3809 initio
567 3760 738 3827 conspirastis
758 3773 816 3808 oum
836 3758 1017 3810 communibus
1036 3757 1171 3810 ecclesius
1190 3764 1218 3808 et

119 3825 270 3892 dogmatum
290 3829 440 3891 sententiis,
461 3829 538 3879 etiam
558 3830 749 3897 consequentia
770 3830 925 3894 accipienda
945 3837 1016 3892 suut,
1037 3843 1089 3896 quo
1111 3827 1217 3897 quidem

122 3895 191 3946 iacto
213 3896 411 3948 tundamentum
440 3906 556 3950 vestrum
577 3900 706 3952 sublatum
728 3908 777 3950 est.
818 3915 879 3951 num
901 3899 1014 3951 aliorum
1034 3899 1152 3951 rationes
1169 3914 1217 3950 re.

122 3967 252 4031 cipietis?
288 3985 321 4020 sn
340 3976 430 4020 orntor
449 3977 522 4020 certe
541 3971 650 4036 quadum
672 3985 719 4038 spe
738 3971 842 4022 dicendi
860 3969 979 4022 laborem
1000 3967 1167 4021 sustinebit?
1194 3969 1216 4020 si

120 4036 202 4103 igitur
220 4038 338 4090 divinum
358 4040 453 4108 dogma
479 4047 505 4090 ot
525 4042 670 4092 communis
693 4040 826 4092 ecciesiae
846 4043 978 4093 sententis
998 4049 1052 4105 est,
1084 4041 1217 4093 neminem

121 4121 233 4174 unquam
254 4111 354 4161 vidisse
373 4112 449 4161 deum
467 4126 518 4161 uec
538 4125 617 4176 posse
637 4112 729 4162 videre
751 4127 906 4179 quemquam
932 4120 977 4163 eut
993 4111 1149 4181 angelornm
1171 4117 1218 4161 unt

120 4175 265 4242 bominum,
287 4182 310 4231 si
330 4182 434 4249 quidem
454 4189 547 4247 operte
566 4180 652 4248 liquet
670 4197 703 4232 ex
721 4183 827 4249 scriptis
846 4183 1024 4246 testimoniis,
1043 4181 1216 4233 dubitetionit

120 4247 197 4300 locus
215 4249 294 4302 debet
313 4251 404 4304 nullus
426 4253 547 4306 concedi.
593 4252 635 4306 sin
657 4265 722 4306 vero
747 4251 799 4304 boo
824 4252 902 4306 nobis
924 4267 979 4306 non
1003 4253 1111 4306 omniuo
1135 4249 1216 4305 iecile

615 4373 627 4404 Ο
