2992 4918
272 317 323 388 ΒΞ
591 321 813 390 nicaenos!
846 319 1079 389 eneconis

271 482 425 559 διαλέξεις
457 482 653 563 ποιούμενος.
697 479 779 548 ὥστε
806 486 860 548 καί
886 484 1019 566 Κύπρον
1041 483 1160 563 μικρού
1192 483 1298 546 πᾶσαν
1324 481 1373 554 εἰς

204 590 258 643 11
271 575 370 662 ύμνον
392 580 447 647 τύν
468 582 525 648 σὸν
548 580 745 669 ἀνηρτήσατο
774 587 829 648 καί
851 580 988 667 κήρυκας
1018 588 1162 664 πέπραχε
1184 581 1272 658 σούς,
1294 582 1373 664 πρίν

268 678 407 757 ἐκείνους
427 683 507 748 ίύεῖν
527 706 558 748 τι
580 687 644 748 ταῖν
664 687 739 748 οιόν.
764 679 850 748 crisos
871 707 905 766 γε
926 682 992 765 pojo
1014 681 1068 746 καί
1085 685 1139 764 τῆς
1159 704 1194 764 γε
1216 682 1273 764 σῆς
1296 683 1372 744 ε’πε-

216 823 220 840 ,
269 778 467 874 θύμειθέας
490 788 545 848 καί
567 784 693 864 ὁμιλίας
713 793 832 867 τυχεῖν,
858 787 913 849 καί
932 779 1017 848 ούτοο
1035 785 1097 848 τοῖν
1123 783 1274 848 τοιούτων
1296 777 1371 857 ύλος

235 901 240 909 ’
271 883 408 967 έγίγνετο
430 888 587 967 λογισμῶν
608 883 729 970 νύκτωρ
754 887 808 949 καί
826 891 903 966 μεθ’
921 884 1054 969 ἡμέραν,
1078 876 1159 947 ούστε
1176 882 1231 947 καί
1251 875 1399 966 ηύχετο5

268 982 312 1067 μί]
335 983 488 1068 πρότερον
509 986 580 1070 μήτ’
605 988 722 1051 ἐκεῖνον
742 985 823 1070 μήτε
845 991 881 1052 οὲ
905 993 1016 1051 θανεῖν
1039 984 1113 1068 πρίν
1137 981 1169 1061 ἐς
1195 986 1370 1064 Βυζαντίον

269 1082 388 1150 έκέῖνον
409 1085 574 1172 α’φῖχθαι,
602 1085 702 1151 πύλαι
721 1091 814 1152 τούτο
847 1091 1044 1172 βουληθέντα
1069 1086 1124 1150 καί
1142 1084 1371 1169 μελετήσαντα,

236 1267 240 1274 Ι
267 1185 367 1269 μύνιγς
386 1183 477 1250 ἕνεκα
495 1192 573 1263 θέας
593 1190 648 1253 καί
660 1188 789 1269 ,ὁμιλίας
809 1193 864 1272 τῆς
887 1192 954 1271 σῆς.
978 1184 1079 1262 ούτοος
1099 1187 1232 1272 ἀποίητα
1254 1179 1292 1268 ἦν
1314 1188 1372 1250 καί

270 1283 423 1371 εἱλικρινῆ
433 1286 468 1353 τύ
486 1288 640 1371 παράπαν
651 1288 709 1354 αἐί
722 1286 762 1353 τύ
779 1293 900 1353 ἐκείνου
915 1288 995 1370 πρὸς
1008 1295 1054 1369 σέ,
1067 1289 1123 1353 καί
1135 1289 1229 1353 ούύέν
1240 1279 1371 1374 ούέαμῇ

267 1394 486 1470 πεπλασμένον
498 1384 577 1474 ἦθος
593 1387 817 1455 ἐνεκεκόλαπτο
830 1397 894 1464 τοῖς
913 1389 1032 1456 ἐκείνου
1047 1388 1213 1473 γράμμασι
1229 1385 1368 1469 πώποτε,
1382 1399 1421 1455 10

221 1495 225 1504 ’
267 1483 327 1552 ὅσα
348 1511 399 1553 σοι
421 1492 485 1553 τιύν
506 1494 571 1554 σῶν
593 1494 723 1574 μακρῶν
744 1493 868 1555 ἐκείνων
885 1493 1047 1573 ἐγκωμίων
1067 1489 1118 1553 αἐί
1140 1493 1271 1553 διετέλει
1286 1491 1371 1566 πέμ-

270 1595 337 1654 πλον
357 1587 469 1670 μεστύ.
493 1590 619 1672 έκύμιοε
636 1594 671 1656 δέ
685 1615 739 1671 μοι
757 1596 811 1658 καί
832 1588 892 1657 ὅσα
909 1595 965 1674 τῆς
988 1593 1215 1675 ύοτρονομικῆς
1236 1589 1371 1674 έπιστή-

271 1715 332 1775 μης
361 1690 447 1778 αύτῷ
475 1692 670 1778 έπεπύμφεις
701 1693 799 1768 αὐτὸς
825 1692 903 1758 κατύ
927 1692 1103 1780 διαφύρολς
1133 1685 1232 1757 ἄλλοτ’
1251 1683 1370 1766 ἄλλους

269 1791 343 1869 τούς
351 1789 495 1874 χρόνους,
510 1797 564 1858 καί
576 1786 613 1875 ἢν
629 1797 671 1857 δι’
684 1792 858 1878 ἐκπλήξεως
873 1789 958 1878 ἄγων
974 1789 1059 1870 ύπανς
1072 1798 1192 1859 ἐκείνου
1205 1792 1299 1878 χάριν
1312 1790 1372 1856 πύ-

259 1917 333 1986 νων
352 1890 428 1968 τούς
449 1898 574 1972 πλείους
589 1899 643 1960 καί
662 1893 802 1978 μάλιστα
817 1899 982 1979 δυσχερεῖς
998 1899 1060 1960 ταῖν
1080 1892 1232 1960 τοιούτων
1248 1889 1372 1978 duoet-
1383 1907 1418 1961 15

270 2017 351 2059 σειον
373 1994 405 2059 ίν
427 1996 546 2079 σ’λίγαις
568 1999 749 2062 συνέκλεισε
772 2002 957 2079 συλλαβαῖς.
1002 2001 1056 2063 καί
1077 2001 1135 2078 μὲν
1157 1993 1195 2081 δὴ
1219 1993 1371 2080 ούδέ“τη“ν

271 2101 479 2177 Πτολεμαίου
517 2097 806 2182 α’ποτελεσματικὴν
846 2099 1050 2182 τετρύβιβλον
1094 2101 1169 2181 περί
1202 2097 1382 2172 έλύσσονος·

271 2201 407 2264 ἐποιεῖτο
428 2200 571 2283 σπουδῆς
591 2203 722 2282 ἐκεῖνος,
756 2199 837 2264 ιίλλύ
858 2203 973 2284 ταύτην
996 2224 1029 2264 τε
1051 2203 1106 2264 καί
1132 2194 1193 2265 ὅσα
1218 2200 1293 2283 περί
1308 2200 1371 2262 τοῖν

211 2297 230 2327 “’
271 2296 388 2378 ύμοίονν
409 2307 473 2375 τοϊς
487 2299 696 2379 Πτολεμαίου
717 2306 939 2382 παλαιοτέροις
969 2296 1036 2382 ἅμα
1065 2302 1120 2365 καί
1131 2293 1300 2382 ’νεωτέροις
1323 2297 1372 2363 ἔτι

274 2400 415 2483 περίεστι
437 2405 647 2483 γεγραμμένα,
672 2404 726 2466 καί
746 2396 805 2466 ὅσα
828 2401 925 2466 πύλαι
948 2393 1126 2506 Χριλδαίοις
1146 2401 1199 2466 καί
1224 2406 1371 2485 Πέρσαις
1382 2408 1419 2463 20

272 2505 447 2584 πεποίηται,
471 2499 553 2565 πάνυ
576 2528 606 2568 τι
628 2502 730 2566 πάντα
755 2503 1006 2588 φιλοπονώτερον
1025 2501 1145 2591 μετῄει.
1188 2502 1243 2567 καί
1268 2498 1372 2566 ύπύσα

141 2597 431 2684 ί.102ο.μένύπέρ
459 2602 499 2666 τοὶ
520 2600 701 2684 ἐσκαμμένα
733 2612 796 2678 τοῖς
818 2604 963 2686 εὐσεβέσι
994 2607 1101 2685 νόμοις
1126 2607 1180 2668 καί
1199 2602 1373 2685 ύπερύριον

271 2705 366 2768 τείνει
390 2702 483 2785 πόδα,
503 2705 605 2770 ταῦτα
629 2707 657 2768 δ’
677 2705 838 2772 έπεοειέτό
861 2729 893 2770 τε
916 2707 970 2769 καί
993 2707 1139 2771 έιέπτυεν
1161 2704 1203 2779 οἱς
1224 2695 1372 2789 ἄχρηστα

282 3009 395 3078 Cyprios
413 3011 445 3064 ad
463 3019 534 3063 trram
553 3011 667 3080 gloriam
685 3020 858 3065 oonverteret
875 3014 967 3080 tuique
991 3012 1142 3064 laudatores
1162 3009 1297 3072 efficeret,
1317 3009 1376 3076 pri.
1405 3021 1409 3028 ‘
1489 3047 1490 3064 r

278 3098 388 3151 usquam
408 3091 513 3134 tuorum
533 3084 674 3150 quidquam
694 3085 825 3136 viderent.
845 3091 897 3135 tam
916 3084 1090 3136 vehementer
1108 3097 1174 3135 vero
1194 3080 1318 3148 cupiebat
1326 3079 1375 3132 sibi
1489 3065 1490 3093 ¹

276 3155 457 3222 contingere,
477 3161 507 3204 ut
521 3161 547 3204 to
567 3155 671 3206 videret
690 3162 830 3223 tecumque
850 3165 1056 3208 conversaretur
1075 3164 1102 3206 et
1122 3155 1158 3205 ita
1177 3161 1247 3204 totus
1266 3154 1294 3203 in
1313 3151 1376 3202 tali.

278 3224 328 3276 bus
352 3225 561 3292 cogitationibus
579 3233 661 3277 noctu
679 3233 706 3276 et
723 3227 767 3278 die
786 3236 857 3292 erat,
880 3235 913 3278 ut
936 3235 1100 3294 precaretur,
1119 3242 1154 3277 ne
1176 3225 1249 3292 prius
1278 3231 1323 3274 ant
1347 3230 1377 3273 tu

273 3297 417 3348 morereris
436 3305 482 3349 ant
500 3298 558 3362 ipse
577 3297 721 3350 decederet
739 3315 753 3350 a
772 3300 838 3363 vita,
857 3314 934 3367 quam
952 3299 1111 3366 Byzantium
1122 3298 1250 3349 “venisset
1267 3295 1295 3347 id
1308 3293 1377 3363 quod
1486 3331 1487 3338 π

276 3367 331 3418 iam
352 3368 395 3418 diu
415 3368 549 3421 voluisset
578 3378 604 3421 et
627 3369 804 3424 deliberasset
827 3370 902 3422 nulla
927 3370 980 3422 alia
1006 3371 1151 3434 decanea,
1176 3383 1253 3436 qnam
1279 3376 1309 3418 ut
1332 3373 1376 3417 tuo

282 3439 410 3506 adspectu
433 3447 460 3491 et
480 3441 674 3493 consuetudine
692 3441 743 3492 lrui
762 3451 863 3509 posset.
901 3450 952 3494 tam
971 3441 1085 3509 simplex
1104 3448 1160 3492 erat
1178 3447 1284 3506 tamque
1308 3436 1378 3489 omni

280 3525 314 3561 ex
333 3518 409 3576 parte
427 3513 550 3564 sincerus
569 3527 675 3580 semper
694 3514 752 3565 eius
771 3515 875 3566 animus
894 3516 1022 3567 adversus
1041 3507 1378 3580 tenequequidquamlioti

277 3589 326 3632 aut
344 3581 427 3634 lucati
447 3597 562 3652 unquam
582 3584 685 3637 inillis
710 3584 808 3637 litteris
832 3584 1026 3649 delitescebat,
1045 3600 1111 3651 quas
1135 3583 1317 3636 laudationum
1341 3579 1377 3630 tai

278 3652 420 3720 longarum
443 3654 537 3722 plenas
553 3665 684 3723 perpetuo
703 3656 752 3707 tibi
771 3658 852 3708 misit.
898 3657 1055 3724 apportabat
1078 3655 1143 3708 milri
1167 3655 1246 3706 etiam
1265 3654 1377 3719 scripta,

279 3738 348 3790 quae
368 3725 403 3776 de
421 3728 586 3778 astronomia
606 3727 630 3778 ei
649 3728 764 3780 diversis
784 3728 948 3795 temporibus
967 3726 1087 3792 miseras,
1108 3727 1193 3796 quain
1203 3725 1378 3778 remiratione

276 3793 337 3846 fero
356 3796 497 3862 perculsus
518 3813 600 3863 eram,
619 3798 750 3866 quomodo
769 3798 993 3852 laboriosissimae
1013 3806 1040 3851 et
1058 3798 1229 3852 difficillimas
1255 3804 1379 3849 astrono-

280 3865 413 3918 micarum
434 3870 623 3936 quaestionum
638 3871 731 3938 paucis
751 3871 952 3938 comprehendit
968 3870 1090 3937 syllabis.
1126 3881 1297 3936 aequavero
1316 3866 1379 3918 Pte-

279 3934 382 3988 lemaei
401 3941 644 4006 apotelesmatioam
662 3941 825 3993 tetrabiblon
843 3942 974 4012 neglexit:
995 3942 1114 3994 sednon
1133 3940 1219 3994 solum
1240 3954 1298 3991 eam
1324 3946 1380 3990 stn-

284 4007 437 4062 diosissimo
456 4011 604 4077 lectitabat,
623 4013 670 4065 sed
691 4014 768 4064 etiam
789 4028 881 4066 omnes
900 4013 985 4066 libros
1004 4014 1037 4066 dc
1056 4012 1137 4066 simili
1155 4018 1324 4079 argumento,
1337 4007 1380 4076 qni

285 4093 301 4130 α
320 4082 497 4148 scriptoribus
515 4083 669 4136 Ptolemaeo
689 4083 883 4153 antiquioribus
902 4085 947 4138 vel
966 4084 1162 4138 recentioribus
1182 4082 1323 4149 compositi
1334 4079 1381 4131 ad-

287 4148 340 4201 buc
362 4161 467 4206 exstant
489 4155 534 4208 vel
555 4172 570 4207 a
588 4155 726 4209 veteribus
746 4155 887 4210 Chaldaeis
907 4165 933 4208 et
951 4155 1040 4208 Persis
1059 4155 1204 4223 conscripti
1223 4160 1294 4205 sunt.
1337 4148 1381 4203 sed

273 4236 448 4294 quaecunque
473 4227 540 4281 lines
564 4227 664 4281 sanotis
687 4226 793 4296 legibus
822 4229 981 4280 constitutos
1016 4228 1150 4280 excedunt
1178 4234 1259 4294 atque
1285 4232 1380 4276 metam
