2910 4896
174 385 392 458 nrsronrlr
419 385 839 454 emlnrrnlosxvnr.
857 368 1041 454 tt-te.
1104 377 1174 454 185

89 547 181 619 όιιασι
198 556 328 633 γένοιτο,
349 555 403 618 κατ’
423 554 513 636 δι’κήν
533 551 569 616 τό
590 549 766 618 α’κόλαστον
788 554 887 616 ἐκεῖνο
909 552 966 615 καί
986 546 1175 634 βλάσφημον

92 653 187 733 στόμα
204 652 284 734 μετὰ
306 655 360 738 τής
388 653 572 738 γραφούσης
593 650 753 736 παράσχοι
780 649 889 735 χειρός
917 653 1077 729 ἐνταυθοῖ,
1102 653 1175 731 πρὶν
1206 722 1209 729 Ι

88 750 116 828 ἔς
136 753 189 838 τήν
218 757 321 831 aldrov
344 757 462 837 ἐκείνην
496 755 708 837 ἀπενεχθῆναι
742 751 896 834 κόλασιν,
922 753 977 816 καί
1007 750 1091 835 δήλκ.
1116 749 1176 813 κάκ

72 858 145 921 τόν
165 858 286 921 ἐνθένδε
315 859 492 938 προοιμίων
528 855 565 919 τό
588 858 652 919 τῶν
680 854 775 938 μήπω
808 854 911 936 δήλων
941 847 1041 919 όπασι
1073 853 1177 916 κακοῖν

67 959 196 1042 5ἒφόδια
215 957 295 1041 πρός
317 955 468 1042 δημόσιον
499 960 568 1042 φσός
591 960 732 1042 καταστῇ
750 957 794 1043 τῷ
825 953 949 1044 βεβήλφ
971 952 1070 1043 εαότιρ
1091 955 1177 1033 μόλ-

88 1063 136 1120 λον
158 1052 176 1141 ή
197 1058 261 1122 κατ’
283 1059 401 1122 ἐκεῖνον
421 1057 476 1120 τόν
495 1061 550 1140 τής
570 1061 686 1137 μανίας
707 1048 1035 1137 ἐπιόνυμονἎρειον,
1057 1051 1093 1128 ὃς
1113 1054 1176 1116 soit
1275 1099 1281 1103 -

87 1163 137 1240 ιής
155 1156 287 1242 γαστρός
316 1157 507 1241 ἀπορρήτων
541 1156 598 1240 τήν
629 1162 760 1233 κένωσιν
792 1153 877 1221 κότω
899 1153 951 1220 διό
982 1157 1039 1235 τῆς
1079 1151 1184 1234 ἕδραςΙ

88 1264 305 1341 παρέπεμψεν
317 1259 433 1331 ἐκεῖνος
452 1282 511 1339 γαρ
530 1256 608 1322 κατό
633 1256 731 1341 φόσιν
756 1255 942 1340 ήμαρτήκεός
968 1252 1022 1318 καί
1041 1250 1095 1318 διό
1114 1255 1240 1314 zatun

88 1358 160 1422 sord
173 1357 270 1444 φόσιν
281 1361 402 1439 μορίων
417 1360 558 1424 ἐνταῦθα
571 1358 628 1441 τήν
641 1361 729 1440 δίκην
743 1355 855 1436 ἔτισεν,
868 1347 962 1431 οὗτος
975 1357 1003 1419 δ’
1019 1349 1175 1432 όπερόρια

56 1457 180 1544 Ῑοπόσής
194 1457 321 1546 φόσεαός
337 1483 370 1522 τε
387 1459 441 1523 ani
452 1457 625 1543 ἐπιστήμης
640 1464 684 1534 εἰς
698 1458 774 1522 θεόν
788 1453 1064 1543 βεβλασφημήκαός
1081 1476 1175 1535 τερο-

88 1559 165 1645 τιόδή
185 1558 253 1626 τινό
276 1562 334 1625 uni
355 1558 441 1643 παρόι
466 1557 565 1645 φόσιν
588 1557 630 1636 oie
656 1560 690 1626 τό
714 1558 798 1636 εἰκός
827 1562 882 1624 καὶ
901 1562 1100 1640 μακροτέραν
1122 1554 1297 1618 ti-r.1oov.

89 1663 161 1724 δωσι
180 1660 236 1744 τήν
259 1661 358 1747 δι’κήν.
410 1657 584 1745 ὑφειμένον
617 1661 756 1744 μὲνγὰρ
779 1663 919 1736 κακεῖνος
951 1658 1006 1724 τόν
1030 1655 1101 1724 υἱόν
1122 1653 1177 1720 κατ’
1222 1687 1225 1696 ·
1321 1651 1324 1664 '

90 1756 171 1841 λόγον
190 1759 286 1827 elusio
308 1763 366 1826 τοῦ
388 1765 466 1825 θεοῦ
487 1765 542 1827 κατ’
562 1766 621 1828 τιόν
643 1762 822 1840 α’σωμότων
843 1763 980 1846 ἀγγέλων
1002 1752 1177 1842 όπέρτερόυ

89 1883 118 1923 τε
139 1867 189 1925 καλ
217 1863 428 1947 δήμιαυργόν,
455 1872 646 1944 σωματικοῖς
676 1859 760 1943 ὅμως
786 1861 902 1945 όρατόν
932 1863 1115 1946 ὀφθαλμοῖς
1136 1841 1175 1920 αὖ

58 1961 242 2048 15δεδόνήται
265 1961 380 2048 φάναι.
424 1962 477 2028 τόν
498 1962 558 2047 peip
583 1964 662 2047 ὑπὲρ
686 1963 760 2038 τοός
782 1965 934 2046 α’γγόλους
954 1965 1010 2026 καί
1031 1964 1095 2025 τῶν
1118 1959 1179 2041 α’γ-

90 2066 177 2142 γέλων
196 2068 400 2148 προαγωγόα,
434 2067 496 2130 τῶν
524 2062 663 2149 ἀγγέλων
693 2066 748 2130 κατ’
766 2069 827 2134 τῶν
855 2068 971 2146 ψυχῶν
991 2063 1026 2128 εό
1049 2061 1178 2126 ἔλαττον

91 2159 166 2244 ἔχειν
187 2167 242 2228 adn
264 2162 332 2248 εἶχε
354 2176 456 2231 νοεῖν·
500 2168 597 2252 φύσιν
617 2164 676 2250 γάρ
694 2163 775 2232 εἶναι
799 2174 864 2241 ταῖς
890 2162 1073 2246 αόωμότοις
1091 2155 1178 2226 ἅπα-

92 2285 136 2326 σιν
154 2258 233 2330 οἶδεν
253 2263 365 2350 ἥκιστα
389 2265 514 2332 πόντων
530 2279 723 2348 σωματικοῖς
744 2269 926 2353 ὀφθαλμοῖς
950 2265 1074 2348 όρατήν,
1096 2261 1176 2345 πλήν

95 2364 122 2427 εἰ
139 2362 179 2447 μή
203 2371 471 2450 σνγκαταβόσεως
493 2370 653 2459 οἰκονομδφ
674 2370 836 2450 χριόμενος
860 2364 1037 2452 διαφόρους
1058 2368 1178 2451 ἐπιφα-

59 2469 167 2543 ορνεόας
186 2471 374 2551 σχηματίζει
394 2469 471 2544 θεός
494 2473 572 2534 κατά
593 2494 627 2551 με
653 2469 727 2545 τοός
753 2474 809 2553 τής
830 2465 1007 2552 α’πορρήταν
1030 2470 1177 2550 πρανοιάς

94 2563 224 2649 τρόπους,
248 2570 293 2644 ὥς
319 2568 352 2632 oi
369 2593 401 2635 τε
424 2574 506 2634 θεῖοι
523 2574 578 2654 τής
599 2570 909 2655 ἒκκλήσόαςπατέρες
931 2564 996 2635 ἅνω
1018 2570 1073 2660 κατ’
1092 2567 1176 2632 κάτω

95 2664 252 2753 διαρρήδην
274 2673 390 2752 βοοόσι,Ι
412 2671 467 2736 κατ’
483 2672 572 2755 ήμεῖς
595 2675 743 2754 α’νωτὲρω
764 2676 907 2758 πολλαχῇ
926 2695 960 2736 τε
983 2671 1036 2734 καὶ
1058 2669 1177 2734 πολλό-

95 2783 135 2839 mc
149 2767 291 2844 ι’κκείνοις
312 2767 461 2853 ἑπόμεναι
486 2773 702 2857 διεξήλθομεν.
727 2765 822 2848 οὗτος
842 2774 878 2838 δὲ
899 2767 980 2852 μετὰ
1005 2773 1063 2834 τοῦ
1081 2765 1243 2855 ὕφει-11

94 3093 171 3151 potest
189 3088 303 3144 foeditas
333 3099 363 3143 ut
389 3092 468 3145 deoet
492 3093 629 3162 propalam
656 3095 684 3147 in
704 3099 875 3162 conspectum
893 3092 1009 3144 omnium
1025 3091 1132 3144 veniret
1150 3099 1178 3143 et

94 3167 190 3225 propter
206 3161 395 3229 impudentiam
415 3166 469 3216 oris
488 3181 592 3232 poenae
607 3181 688 3219 onera
707 3183 756 3218 sua
774 3166 882 3219 cervice
897 3165 1042 3217 sustineret
1060 3163 1087 3214 in
1106 3171 1177 3215 terra

95 3237 219 3311 antequam
241 3235 268 3292 in
286 3243 423 3288 aeternam
441 3236 515 3288 illam
536 3253 649 3304 poenam
671 3240 820 3290 traderetur
845 3245 872 3288 et
889 3245 918 3288 ut
936 3238 998 3289 inde
1019 3246 1177 3304 tanquame

94 3304 217 3369 principiis
230 3321 262 3356 ea
275 3321 344 3373 quae
356 3308 487 3374 patelacta
499 3311 613 3361 nondum
629 3311 749 3362 omnibns
763 3310 939 3362 calamitatum
953 3307 1106 3376 spectacula
1116 3315 1177 3358 ante

94 3371 174 3456 oculos
192 3386 281 3428 essent
300 3377 362 3429 huic
374 3378 473 3430 homini
493 3381 576 3447 magis
595 3383 741 3449 proposita,
761 3397 837 3448 qnam
848 3381 912 3432 Arei
931 3380 1005 3432 illius
1022 3377 1055 3432 ab
1075 3379 1177 3430 insania

62 3491 64 3497 .
93 3448 205 3525 nominati
220 3449 265 3515 qui
281 3448 370 3500 alvum
384 3466 433 3516 per
448 3467 525 3502 anum
541 3453 631 3504 eiecit.
650 3453 699 3505 ille
719 3453 788 3504 enim
808 3453 853 3520 qui
874 3466 988 3519 corpore
1009 3455 1177 3518 peceaverat,
1257 3483 1269 3496 .

95 3520 161 3566 etiam
177 3521 298 3584 corporis
316 3522 439 3573 membris
459 3535 571 3589 poenam
590 3523 670 3576 dedit.
714 3525 758 3574 hio
777 3539 842 3576 vero
863 3539 941 3591 quum
961 3539 1041 3590 snpra
1058 3530 1177 3574 natarent

96 3591 117 3634 el
133 3589 257 3669 nationem
278 3591 359 3656 impia
377 3593 404 3644 in
425 3594 502 3645 deum
520 3595 625 3647 scelera
645 3596 781 3658 edidisset,
807 3595 953 3646 mirabilem
972 3602 1001 3645 nt
1020 3593 1132 3646 decebat
1152 3600 1179 3644 et

93 3669 217 3736 marinam
236 3675 349 3726 poenam
369 3665 450 3716 dedit.
488 3665 591 3717 dixerat
619 3667 689 3717 enim
707 3667 751 3718 dei
773 3665 855 3717 lilium
883 3666 948 3718 lieet
967 3666 1077 3718 verbnm
1099 3665 1135 3715 sit
1153 3671 1179 3715 et

94 3733 246 3796 incorporeis
266 3733 371 3799 angelis
394 3737 581 3802 praestantior,
607 3745 693 3788 tanmn
713 3738 816 3804 percipi
836 3737 923 3789 oeulis
942 3751 996 3788 non
1015 3751 1104 3804 posse.
1142 3734 1179 3785 il.

94 3794 139 3878 lam
158 3803 223 3852 enim
243 3805 289 3870 qni
309 3820 388 3871 supra
408 3806 520 3874 angelos
541 3807 690 3860 collocatus
712 3817 783 3860 esset
808 3817 835 3860 et
854 3807 1009 3876 angelornm
1031 3809 1093 3870 dux,
1116 3822 1180 3875 par-

94 3869 189 3950 ticulam
206 3876 336 3942 quandam
356 3877 511 3945 angelorum
532 3881 616 3930 anima
636 3880 793 3932 inferiorum
816 3880 916 3932 habere
934 3894 989 3932 non
1009 3887 1114 3945 poterat
1131 3893 1180 3929 co.

94 3947 192 4027 gline..
211 3954 330 3997 naturam
351 3963 410 4000 esse
430 3950 463 4000 iis
482 3950 603 4002 omnibns
622 3966 690 4018 quae
717 3966 830 4017 corpora
847 3967 902 4002 non
922 3951 1050 4002 haberent
1069 3949 1180 4013 solebat,

95 4016 117 4090 ti
134 4027 236 4066 nimime
258 4019 373 4069 omnium
394 4020 481 4072 oeulis
507 4036 586 4087 posse
607 4022 814 4089 comprehendi,
836 4023 888 4073 nisi
908 4005 1115 4074 descendenffae
1133 4036 1180 4072 or.

95 4077 146 4132 dine
162 4100 223 4137 aens
248 4090 337 4140 varias
371 4091 467 4142 formas
495 4093 659 4144 distinxisset
685 4094 749 4145 deus
777 4093 810 4144 ad
830 4095 974 4144 immensae
994 4093 1180 4160 providentiae

94 4153 190 4218 nodos,
214 4165 243 4207 ut
272 4160 357 4210 divini
382 4162 515 4214 ecclesiae
543 4172 632 4230 patres
659 4164 704 4214 hio
732 4164 790 4216 illie
809 4165 933 4216 distincte
953 4164 1067 4216 clamant
1086 4172 1113 4215 et
1130 4178 1180 4214 nos

95 4235 188 4292 quoqne
207 4225 317 4280 multum
336 4247 367 4282 eo
386 4235 493 4300 saepius
518 4234 694 4286 securi-illos
713 4234 796 4287 locnti
824 4251 923 4287 somus.
962 4236 1006 4286 hie
1028 4249 1093 4286 vero
1114 4235 1181 4285 dixit

94 4302 188 4356 lnonr
214 4299 372 4356 substratum
396 4305 454 4358 sino
473 4320 587 4372 corpore
613 4313 640 4358 et
665 4307 807 4362 existentia
834 4321 893 4359 esse
916 4307 1020 4371 lucem,
1041 4303 1179 4372 corporeis
