2910 4896
194 339 694 467 msaomlnsrzlmmtn
710 385 817 464 xxix.
839 377 1027 465 tt-to.
1087 382 1163 465 ott

91 551 132 636 ιῆι
148 555 253 635 prolem
272 551 444 638 ἠρείσαντο,
469 558 525 618 καί
542 557 596 637 τῆς
617 575 651 635 γε
675 555 735 617 τάν
756 552 906 618 ποικιλων
925 555 981 618 καί
1004 541 1164 619 παντοδα-

91 657 141 718 πάν
159 652 346 738 πραγμάτων
366 678 399 720 τε
420 651 475 718 καί
489 654 586 736 λόγων
603 655 821 735 διδασκαλίας,
845 646 918 718 ὅσον
941 649 1080 739 ἐφικτόν,
1102 649 1162 729 τάς

90 753 215 838 α’σορμάς
235 755 455 842 ἀνειλήφεσαν.
509 749 582 822 εἶεν.
603 752 663 838 ἐμοὶ
696 757 726 820 δ’
748 757 794 830 εἰς
813 752 866 819 τὸν
887 749 995 842 εἱρμὸν
1016 754 1163 836 ἐπάνειμι

90 857 131 917 τοῦ
149 855 244 937 λόγου.

70 970 81 1020 t
162 955 194 1020 Ὁ
222 956 281 1040 γάρ
306 980 356 1020 τοι
387 955 649 1041 πατριαρχεάσας
676 954 853 1032 Κάλλιστος
873 955 954 1037 μετά
981 955 1037 1042 τὴν
1060 955 1260 1022 noroen-

87 1056 249 1140 καθαίρεσιν
273 1056 328 1121 καί
348 1057 403 1122 τὸν
424 1061 469 1132 είς
491 1057 525 1122 τά
551 1057 777 1142 ραλατάκυμοι
801 1059 955 1144 φρούριον
972 1060 1034 1122 τῶν
1056 1061 1290 1142 Auri-mon

18 1235 19 1244 ρ
89 1182 137 1221 νυν
155 1163 304 1242 λαθραῖον
322 1156 466 1242 δρασμὸν
488 1161 616 1242 ἐκεῖνον,
638 1163 751 1243 καιροῦ
772 1157 851 1240 μετά
873 1157 989 1243 χρόνον
1009 1158 1079 1226 τινά
1103 1187 1165 1226 τυ-

18 1259 19 1318 ]
86 1259 136 1340 poio
154 1262 252 1348 λάδρρι
274 1263 422 1325 νάκεϊθεν
443 1260 526 1350 ἐξῄει
542 1262 598 1326 καί
618 1265 650 1336 ἐς
665 1263 795 1327 Τένεδον
811 1262 1063 1344 κατεπεπλεάιιει,
1086 1270 1166 1330 Πο-

87 1360 213 1450 λαιολάγρι
239 1365 282 1449 τῷ
309 1367 440 1443 βασιλεῖ
465 1360 673 1446 χαριζόμενός
694 1386 728 1428 τε
754 1361 810 1426 καί
829 1361 901 1428 άντί
924 1363 1030 1447 δάρου
1051 1364 1163 1440 παντὸς

59 1459 110 1524 10τὸ
129 1467 176 1545 τῆς
197 1466 229 1526 ἐν
249 1466 365 1552 καρδίᾳ
391 1465 655 1548 δαλαμεοομίνης
675 1468 815 1546 σχέσεως
835 1465 973 1544 κομίζων
996 1462 1163 1550 διάπυρον,

18 1583 19 1586 ’
85 1561 125 1624 τάν
140 1562 211 1647 ὑπὲρ
235 1562 338 1628 αὐτοῦ
361 1563 505 1648 δρλονάτι
528 1564 620 1646 ζῆλον
641 1562 742 1648 ἔργοις
762 1565 884 1640 ου’τοῖς,
902 1563 957 1628 καί
978 1564 1164 1650 α’φργσάμε-

86 1683 124 1735 νος
141 1655 216 1740 ὅπως
239 1661 306 1742 ἐξὸν
332 1661 510 1728 α’πολοάειν
530 1668 587 1746 τῆς
608 1661 997 1748 πατριαρχικῆςέξουσιας
1018 1662 1072 1730 καί
1093 1665 1163 1750 άμσ

18 1809 19 1812 ,
84 1764 125 1843 τῆς
146 1766 408 1848 Καντακουζηνοά
438 1759 663 1846 βασιλεύοντος
696 1767 858 1844 εάμενείσς
886 1763 941 1828 καί
965 1765 1164 1850 εὐεργέτιδος

83 1861 194 1949 γνάμης,
218 1867 249 1930 εἰ
269 1865 416 1945 ἐβούλετο
440 1871 599 1929 κοινωνεῖν
617 1865 703 1954 ου’τῷ
723 1869 779 1948 τῆς
803 1861 883 1949 ὑπὲρ
909 1871 1086 1931 Marouion
1110 1869 1168 1934 τεά

57 1957 141 2024 lovios
155 1968 315 2048 βασιλικῆς
351 1961 567 2049 ἀναρρήσεως,
596 1960 615 2026 ά
637 1964 672 2028 δὲ
695 1963 731 2030 τά
756 1962 876 2045 ἔσχατα
898 1962 1165 2048 πάσχειν-εἵλετο,

84 2064 130 2126 τοῖν
146 2063 294 2153 πατρῴων
318 2063 579 2148 άντιτιοιοάμενος
601 2064 702 2129 αάτοιῖ
723 2069 864 2132 δικαίων.
909 2067 964 2131 καί
982 2069 1012 2130 εί
1032 2064 1076 2150 μή
1103 2075 1164 2133 λοι-

84 2168 163 2253 δραίρι
183 2170 269 2255 φυγῇ
281 2163 338 2251 τήν
352 2172 513 2250 σωτηρίαν
534 2164 679 2249 ε’πάριζεν
700 2160 813 2252 ἑαυτῷ,
836 2165 972 2250 τάχιστα
997 2158 1035 2230 άν
1056 2169 1164 2252 εἳρκτη

18 2337 19 2340 ¹
85 2265 211 2352 ζοφώδης
240 2270 294 2333 καί
328 2267 471 2333 θανάτου
499 2271 608 2349 βιαίου
636 2273 747 2349 γείτων
773 2270 899 2350 ε’δίχετο
919 2271 1031 2333 τοῦτον
1053 2261 1164 2344 εάδάς.

85 2370 127 2427 καί
145 2369 193 2432 ἵνα
213 2369 271 2432 τάν
292 2373 379 2458 μέσῳ
409 2372 563 2456 οιιντέμῳ,
587 2360 658 2431 ὅλον
688 2367 834 2433 ἐνιαυτὸν
856 2372 925 2433 ἐκεῖ
944 2365 1105 2452 διηνυιιότι
1125 2369 1163 2433 τά

55 2463 103 2528 201³
120 2458 192 2533 άλλα
216 2472 278 2558 [τε]
308 2470 397 2554 ceap]
419 2470 509 2534 πάντ’
531 2472 646 2555 ἐδρᾶτο
671 2467 709 2534 τά
736 2467 952 2554 πατριάρχαις
973 2467 1089 2552 ἔθιμα,
1112 2473 1167 2534 καί

85 2561 136 2644 ἅμα
154 2569 281 2654 γραφάς
311 2569 367 2634 οὐκ
398 2569 508 2654 ἠμέλει
540 2572 673 2652 πέμπων
694 2572 905 2650 Βυζαντίοις,
942 2565 1014 2635 ὅσοι
1043 2567 1099 2652 τὴν
1120 2571 1165 2644 εἰς
1220 2586 1233 2626 ¹,

85 2667 166 2734 αιίτάν
188 2674 421 2760 ἑξετραγιβδουν
443 2673 584 2756 άδιιιιάν,
607 2667 664 2736 καί
679 2672 794 2754 μοιχὸν
815 2675 874 2752 μὲν
888 2675 1039 2758 προφανῆ
1060 2673 1164 2736 καλῶν
1181 2690 1205 2728 f
1288 2679 1298 2724 Ὗ

85 3014 152 3056 nare.
186 3004 247 3057 hinc
268 3004 383 3058 enimet
403 3005 472 3057 varii
491 3003 625 3057 fluxerunt
648 3004 796 3071 sapientiae
819 3002 906 3056 fontes
935 3010 961 3055 et
980 3012 1087 3057 veteres
1106 3005 1164 3058 dis.

85 3074 224 3140 ciplinarnm
250 3077 407 3130 inventores
433 3084 460 3129 et
485 3075 643 3128 coelestium
673 3077 705 3128 et¹
732 3076 897 3127 terrestrium
927 3091 1015 3127 rerum
1041 3078 1163 3128 notitiam

86 3155 197 3199 eruerunt
215 3157 241 3200 et
262 3151 397 3201 variarum
417 3157 443 3200 et
460 3147 660 3200 multiformium
677 3163 765 3200 rerum
784 3155 864 3216 utque
894 3148 1042 3199 orationum
1060 3147 1164 3201 doctri.

84 3229 134 3281 nae,
151 3221 234 3287 quoad
253 3222 311 3271 eius
330 3220 390 3272 lieri
415 3227 528 3287 poteret,
548 3235 640 3272 causas
666 3227 825 3272 sumserunt.
870 3227 945 3283 esto;
976 3234 1026 3290 ego
1046 3233 1112 3286 pero
1131 3220 1164 3272 ad

84 3301 166 3340 nerum
187 3291 267 3343 redeo
289 3292 427 3342 orationis.

169 3387 230 3440 llam
252 3389 298 3457 qui
316 3387 468 3456 patriarche
495 3397 552 3440 erat
579 3386 706 3441 Callistus
727 3397 788 3456 post
815 3405 887 3442 suam
908 3391 1164 3443 excommunicatio.

84 3469 133 3506 nem
155 3467 179 3508 et
197 3459 387 3512 clandestinam
412 3460 486 3511 illam
509 3461 537 3510 in
555 3459 695 3529 galaticam
715 3461 866 3512 Latinorum
892 3463 1037 3513 custodiam
1064 3461 1164 3532 lugam,

84 3527 153 3589 paulo
171 3541 261 3596 postea
279 3531 400 3582 idoneam
421 3531 589 3582 occasionem
608 3540 716 3595 nactus,
745 3530 812 3582 clam
838 3532 900 3584 inde
921 3535 1007 3585 evasit
1028 3542 1054 3585 et
1075 3533 1165 3585 Tene.

84 3597 134 3648 dun
152 3604 209 3653 navi
229 3603 333 3654 abierat
350 3601 513 3670 Palaeologo
533 3604 591 3670 regi
612 3604 807 3670 gratificaturus
827 3612 854 3654 et
871 3618 919 3672 pro
939 3605 1008 3656 dono
1028 3605 1098 3655 omni
1118 3607 1164 3656 vi.

84 3672 160 3733 gentis
186 3675 212 3724 in
244 3675 333 3726 animo
359 3673 464 3726 habitus
484 3674 615 3740 praebens
638 3674 758 3726 ardorem
785 3680 811 3726 et
835 3691 865 3726 re
891 3677 950 3743 ipse
967 3692 1040 3727 suam
1058 3676 1165 3728 scilicet

85 3755 139 3807 erga
156 3743 226 3796 illum
247 3745 391 3798 ostendens
409 3747 540 3810 studium3
566 3754 592 3797 ct
612 3761 753 3810 enarrans,
773 3747 905 3813 quomodo
925 3747 1022 3798 liceret
1041 3746 1093 3799 frui
1112 3763 1163 3816 pu.

84 3811 226 3868 triarchicae
246 3824 380 3884 potestate
401 3826 428 3869 et
456 3817 535 3869 simul
561 3817 740 3871 Cantacuaeni
770 3819 907 3886 regnantis
925 3818 1117 3871 benevolentia
1138 3827 1164 3871 et

83 3877 264 3951 beneficientie,
285 3889 306 3939 si
328 3887 412 3940 vellet
430 3890 586 3955 participem
608 3889 698 3940 lacere
716 3905 746 3941 se
765 3891 970 3942 renuntiationis
989 3890 1022 3942 de
1041 3890 1162 3944 llathaeo

84 3955 148 4020 regio
168 3954 221 4013 otio
241 3961 345 4024 iactae,
366 3959 410 4010 hie
434 3975 500 4012 vero
527 3969 644 4011 extrema
671 3960 725 4026 pati
749 3959 865 4012 malebat
893 3961 995 4030 patruis
1019 3963 1163 4014 adversans

84 4024 130 4073 suis
146 4029 231 4094 iustis;
260 4038 287 4081 et
305 4031 358 4081 nisi
378 4031 543 4084 clandestina
563 4031 627 4100 luga
646 4030 758 4082 salutem
777 4031 919 4098 praeberet
935 4033 1001 4098 sibi,
1022 4034 1163 4085 celerrime

84 4107 126 4160 ogo
143 4099 255 4153 inclusus
276 4117 363 4152 essem
381 4103 408 4152 in
428 4103 563 4167 tenebras,
587 4110 613 4153 et
631 4102 723 4154 mortis
743 4103 881 4155 violentae
902 4106 1066 4173 propinquus
1086 4105 1163 4156 loeus

84 4177 119 4213 me
134 4173 214 4223 statim
234 4173 395 4239 excepisset.
433 4182 513 4242 atque
532 4183 560 4224 ut
579 4173 611 4226 eb
631 4174 689 4240 ipso
709 4173 801 4242 quiin
821 4176 970 4228 meditullio
991 4177 1099 4228 conciso
1119 4176 1163 4226 in-

83 4239 171 4318 tegrum
190 4259 286 4295 annum
305 4243 343 4295 ibi
363 4251 538 4314 transegerat,
560 4260 638 4316 quum
664 4243 769 4314 reliqua
796 4249 883 4299 omnia
902 4246 1094 4315 proficerenter
1113 4262 1163 4314 pe-

83 4311 190 4386 trtarchis
208 4318 305 4369 usitata
334 4323 361 4367 et
377 4317 458 4370 simul
486 4317 628 4370 accusandi
659 4316 787 4372 formulas
811 4332 866 4372 non
882 4319 1037 4391 negligeret
1055 4320 1163 4372 mittero

161 4413 324 4487 Nicephorion
344 4413 453 4486 (ἕτερον.
479 4414 535 4471 Vol.
555 4414 611 4471 111.
941 4415 973 4472 tt
