2992 4918
274 317 323 398 at
570 329 795 400 urcmaom
826 327 1056 402 camonis

273 495 510 618 aeduensium,
535 492 647 572 όποιάς
665 499 700 561 έκ
712 496 814 562 πόθον
832 523 883 563 και
880 499 1092 584 φλεγομένης
1104 501 1213 582 ψυχῆς
1236 499 1373 563 ε’ποιείτο

273 595 354 682 πρὸς
375 599 422 678 σέ,
444 595 497 660 καί
518 599 593 680 πρίν
613 599 645 672 ές
665 597 718 662 τὸν
742 603 903 680 βασίλειον
926 595 1042 664 αυτόν
1049 601 1231 685 ἀναχθῆναι
1246 601 1374 684 θρόνον,

273 695 328 762 ιιαί
345 689 431 770 ὅπως
442 699 498 778 τῆς
513 701 570 778 σῆς
588 699 789 782 ἐξήρτητο
751 725 810 780 μεν
827 725 879 764 και
877 698 1031 785 ’γλώττης
1045 699 1100 766 καί
1113 703 1251 786 γραφῆς,
1265 700 1376 786 ἀφθο-

273 799 484 881 verteme
506 791 603 873 αὗτός
636 796 713 875 τοός
734 802 883 865 ἐντεῦθεν
905 801 1025 885 ἐτρόγα
1045 801 1203 885 καρπούς,
1225 801 1269 878 ἀς
1293 795 1376 866 εἶναι

272 899 396 1016 μηδένα
419 900 482 963 τεόν
512 898 637 964 πάντων
671 892 732 988 ὅτῳ
755 908 824 964 ποτ’
855 893 894 967 ἀν
922 902 1072 987 οἰηθῆναι
1096 905 1168 984 ε’νῆν
1189 899 1399 984 έγγενὲσθαιό

276 1001 320 1115 aql
340 991 415 1081 ῆθει
433 1022 562 1084 τροπην
576 1003 695 1065 ἐκείνου
716 1000 810 1084 τινά,
831 1006 953 1085 μᾶλλον
974 1007 1033 1085 μὲν
1054 997 1111 1066 odo
1132 1027 1184 1066 και
1181 1000 1377 1086 ’σονεπεόι-

276 1092 369 1163 tiam
389 1107 459 1173 τοῖς
478 1104 537 1165 roci
557 1100 676 1184 χρόνον
697 1101 826 1185 τόχαις.
869 1128 927 1168 νον
949 1105 976 1167 6
997 1099 1159 1194 ἐληλυθώς
1182 1103 1237 1166 κατ’
1257 1100 1375 1183 μαθών

274 1197 320 1274 ως
341 1200 376 1263 έκ
397 1200 572 1284 διαμέτρου
592 1199 633 1264 τό
656 1199 828 1286 πράγματα
845 1206 951 1288 σταίη,
971 1206 1027 1268 καί
1050 1198 1188 1284 ἀμοιβάς
1201 1225 1251 1268 σοι
1273 1202 1377 1287 διδοίη

261 1305 337 1370 ‘rna
372 1299 475 1366 πόνων
504 1305 560 1366 καί
589 1305 729 1428 φιλτρορν
761 1302 829 1380 οἵας
858 1305 915 1372 σοι’
940 1308 999 1386 μὲν
1022 1304 1103 1388 όιιὲρ
1125 1303 1290 1384 εὐσεβείας
1313 1303 1379 1368 ἀθ-

274 1405 383 1467 λοῦντι
404 1403 554 1488 φέρειν’
538 1407 655 1486 εχρῆν,
690 1407 796 1493 ε’κείνῳ
828 1408 859 1470 δ’
893 1403 1056 1494 ἐπιφέρειν
1091 1429 1127 1469 oo
1157 1402 1246 1487 μάλα
1278 1407 1421 1490 έχρῆνλθ

276 1498 368 1589 (οὔτε
399 1500 460 1587 γόρ
496 1503 525 1568 οῖ
557 1502 674 1594 διάκτη
703 1511 851 1587 γενέσθαι
886 1510 942 1592 τῆς
976 1503 1174 1590 εόοεβείας’
1160 1509 1279 1626 εχρῆν,
1305 1500 1379 1572 αὕθ’

267 1599 362 1679 ’όπως
391 1607 469 1668 ποτὲ
502 1609 659 1694 γενομένῳ
692 1631 769 1671 κατα
802 1609 861 1673 σοῦ
888 1611 1015 1694 κινῆσαι
1044 1633 1103 1692 την
1138 1607 1265 1692 γνώμην
1296 1601 1380 1683 ὅλως

275 1705 406 1789 όχρῆν),
431 1707 468 1770 οὲ
492 1708 552 1786 μὲν
573 1705 753 1792 ε’μακόρισα
774 1711 829 1792 τῆς
844 1714 1028 1796 καρτερίας,
1052 1709 1150 1798 οάτῷ“
1163 1709 1190 1771 δ’
1210 1707 1380 1792 ἠχθέσθην

275 1805 405 1890 σφόόρα
427 1827 462 1888 γε
491 1806 547 1889 τῆς
570 1806 730 1882 ἀπονοίας.
774 1812 894 1890 μᾶλλον
909 1812 936 1874 δ’
961 1808 1122 1894 ε’όάκροοα
1145 1810 1199 1893 τῆς
1218 1808 1380 1883 ἀπωλείας

275 1903 331 1970 τόν
361 1899 540 1990 ἄνθρωπον.
594 1912 648 1993 κατ’
676 1913 783 1990 μέντοι
813 1909 869 1975 κατ’
895 1907 1088 1993 ἐθαύμασα,
1118 1913 1173 1975 κατ’
1198 1906 1379 1989 θαυμάζων
1390 1926 1423 1979 15

275 2007 317 2070 ου’
340 2007 516 2096 παύσομαι,
538 2013 605 2086 πῶς
632 2012 779 2076 τοσοῦτον
811 2011 1050 2130 ἀταλαίπωρος
1082 2009 1240 2076 ἐλάνθανε
1262 2007 1379 2092 χρόνον

275 2105 406 2232 ἀγρίους
429 2103 510 2176 οὕτω
534 2114 638 2197 θῆρας
658 2117 769 2188 κακίας
791 2115 824 2178 ἐν
844 2115 882 2232 τῆ
904 2109 1008 2233 λόχμη
1038 2109 1162 2194 βόσκων
1183 2111 1238 2194 τῆς
1258 2113 1379 2192 ψυχῆς.

274 2210 306 2273 εἰ
325 2212 385 2292 μὲν
407 2204 464 2275 οὖν
480 2210 579 2296 ἱεροῖς
596 2213 663 2278 τισί
681 2213 739 2277 καί
760 2213 949 2336 ἀπορρῆτρις
972 2211 1021 2297 εἴη
1041 2213 1145 2296 λόγοις
1168 2207 1381 2292 ἐνδιαιτώμε-

276 2333 330 2376 νον
348 2309 383 2377 τό
406 2316 550 2397 πρᾶγμα,
573 2314 775 2396 θαομόζοιμι
795 2311 918 2396 padar'⁸
902 2339 941 2379 αν
962 2316 1014 2378 ἀεί
1033 2315 1174 2390 σιωπῶν,
1198 2311 1328 2397 ζήτησιν
1351 2313 1379 2375 d’

277 2414 431 2493 οάδεμίαν
454 2405 583 2502 οόόαμῆ
606 2419 683 2481 ποτὲ
704 2413 826 2493 λόοεως
846 2419 1061 2502 προενέγκοιμ’
1082 2410 1123 2481 ἀν
1144 2410 1263 2478 odoras.
1309 2411 1380 2476 ἀλλ’
1390 2433 1424 2490 20
1486 2463 1487 2502 ,

278 2511 352 2578 ἀντὶ
372 2511 497 2579 πόντων
518 2513 556 2580 τοὶ
576 2518 631 2600 τῆς
649 2518 707 2601 οῆς
721 2516 846 2600 ἀρκέσει
860 2541 916 2601 μοι
936 2522 1077 2602 θεωρίας
1100 2513 1180 2600 πρός
1199 2515 1379 2598 θεραπείαν

277 2610 451 2701 φάρμακα,
483 2615 538 2682 καί
557 2613 674 2683 εἴ“τιν’
697 2610 810 2685 ἄλλοσε
835 2624 997 2706 φέρουσαν
1018 2615 1146 2703 βοόλοιο
1175 2611 1282 2700 κοινήν
1304 2613 1379 2696 όμι-

277 2957 330 3012 tuis
347 2955 515 3012 sermonibus
533 2958 695 3026 scriptisque
716 2958 856 3011 devinctus
876 2956 1024 3010 ubermmos
1047 2955 1148 3008 fructus
1167 2953 1378 3026 indecollegis.

276 3039 327 3084 set.
365 3045 448 3099 quare
466 3037 567 3082 tantum
586 3031 687 3094 aberat,
709 3038 738 3080 ut
757 3030 816 3080 eius
834 3043 922 3080 mores
941 3029 1123 3080 mutationem
1135 3026 1264 3096 quandam
1284 3027 1376 3082 subire

275 3118 357 3170 posse
375 3103 434 3169 quis
454 3108 569 3168 putaret,
587 3108 616 3151 ut
636 3115 682 3151 eos
702 3101 783 3161 etiam
799 3101 926 3167 temporis
946 3109 1025 3168 atque
1037 3100 1159 3152 fortunae
1177 3098 1378 3152 conditionibus

275 3176 469 3226 incrementum
492 3179 615 3238 capturos
636 3186 696 3223 csse
717 3171 899 3223 arbitraretur.
944 3187 1023 3240 quum
1044 3179 1132 3222 autem
1151 3177 1212 3236 post
1232 3170 1378 3222 adventum

199 3287 202 3292 .
276 3259 364 3296 meum
386 3258 587 3310 cognoscerem,
607 3257 694 3294 reram
716 3249 811 3294 statum
832 3242 912 3310 plane
938 3243 1099 3294 contrarium
1120 3257 1180 3294 csse
1200 3249 1228 3292 et
1249 3257 1309 3293 eum
1329 3243 1378 3294 tibi

276 3329 325 3383 pro
345 3313 481 3366 laboribus
501 3321 581 3380 atque
599 3313 732 3365 amoribus
759 3315 868 3383 gratiam
887 3313 968 3366 talem
986 3310 1105 3377 r6ierre,
1133 3311 1238 3380 qualem
1263 3320 1292 3364 tu
1312 3315 1375 3381 qui.

276 3387 335 3438 dem
355 3393 384 3435 ut
402 3384 575 3455 religionis
571 3384 671 3436 athleta
692 3388 817 3467 accipere
843 3385 978 3449 debebas,
1006 3383 1055 3436 ille
1080 3399 1146 3436 vero
1173 3383 1378 3468 haudquaquam

276 3456 381 3510 relerre
402 3455 516 3508 debebat
535 3445 639 3524 [n'cque
659 3457 728 3506 enim
747 3456 909 3540 religionem
928 3472 1043 3524 unquam
1067 3456 1196 3523 persequi
1217 3471 1327 3522 neque,
1355 3457 1378 3507 si

277 3527 380 3598 quando
403 3527 454 3578 boc
478 3527 598 3592 laceret,
628 3543 734 3580 sensum
753 3544 828 3581 suum
855 3529 883 3580 in
910 3536 937 3579 te
960 3527 1013 3582 ulla
1048 3543 1081 3578 ex
1101 3534 1177 3594 parte
1195 3533 1298 3580 mutare
1319 3543 1378 3578 eum

276 3598 413 3668 decebat),
433 3607 460 3649 te
482 3598 587 3666 quidem
609 3597 643 3649 ob
663 3599 844 3664 fortitudinem
867 3599 974 3651 felicem
993 3599 1198 3666 praedicabam,
1226 3596 1268 3648 illi
1289 3607 1379 3650 autem

276 3671 310 3724 ob
331 3671 489 3722 dementiam
517 3684 589 3720 suam
611 3685 739 3738 perquam
764 3670 970 3734 succensebam
990 3670 1177 3723 vehementius
1201 3676 1290 3720 tamen
1320 3672 1378 3722 eins

275 3742 411 3796 interitum
430 3740 619 3793 illacrimabar.
663 3743 776 3794 mirabar
801 3759 865 3795 sane
886 3758 975 3810 neque
993 3757 1108 3810 unquam
1126 3740 1217 3792 mirari
1236 3741 1377 3806 desinam,

275 3813 407 3899 quomodo
429 3814 510 3864 miser
529 3813 580 3863 iste
601 3821 702 3864 tantum
718 3817 846 3881 temporis
867 3822 918 3865 tam
937 3815 1008 3865 ieras
1027 3822 1106 3880 atque
1118 3810 1251 3878 improbas
1271 3811 1378 3864 belluas

204 3882 209 3886 ’
273 3889 302 3939 ia
321 3884 400 3936 animi
419 3882 529 3936 latebris
550 3882 618 3934 clam
632 3884 706 3936 alere
725 3887 851 3952 potuerit.
874 3886 896 3938 si
915 3902 958 3938 res
976 3886 1059 3937 sacris
1079 3884 1233 3952 quibusdam
1254 3891 1280 3934 et
1300 3900 1378 3936 arca-

274 3957 317 4010 nis
334 3955 484 4008 rationibus
501 3955 624 4008 involuta
644 3965 693 4028 est,
714 3960 795 4009 tacite
815 3973 872 4009 cam
892 3972 998 4023 semper
1017 3957 1132 4010 mirabor
1152 3971 1241 4023 neque
1262 3971 1379 4023 unquam
1426 3956 1428 3960 ’

276 4033 310 4080 e'x
328 4025 385 4078 ullo
408 4027 604 4095 quaesiverim,
627 4024 758 4101 quomodo
782 4029 902 4096 expediri
921 4029 1014 4096 possit.
1049 4029 1096 4082 sed
1115 4042 1179 4095 prae
1199 4029 1298 4080 ceteris
1319 4042 1379 4078 om.

277 4098 356 4152 nibus
378 4098 411 4150 ad
428 4113 513 4150 meam
535 4101 699 4150 curationem
716 4095 854 4154 sufficient
872 4101 1073 4164 medicamenta3
1095 4115 1163 4168 quae
1181 4106 1378 4150 tuaecoutem.

280 4170 416 4240 plationcs
438 4170 575 4237 praebent,
587 4172 666 4222 ctiam
683 4173 707 4224 si
726 4173 890 4241 colloquium
909 4173 942 4224 de
953 4171 1013 4225 aliis
1024 4172 1216 4224 rebusmecum
1236 4170 1377 4223 instituere

280 4241 361 4297 velis.
395 4241 436 4314 sin
458 4247 545 4294 autem
564 4249 652 4296 mente
674 4243 776 4297 doctam
798 4244 926 4314 quandam
946 4245 1135 4313 cogitationem
1148 4255 1326 4310 conceperas,
1343 4257 1379 4294 ne
1423 4274 1429 4284 ·
