2952 4902
267 289 317 415 95
575 335 798 408 atcurnoat
833 333 1063 402 Granouas:

213 483 217 494 Ι
244 516 315 591 ,εἰς
335 507 464 594 μακρὰν
493 505 561 570 ε’κεῖ
585 500 698 587 πικρόν
727 499 924 585 ε’πιφύεσθαι
954 502 1009 564 κατ’
1038 499 1125 579 μύλα
1149 497 1311 579 πολύχουν
1335 495 1370 558 ἕν
1444 513 1474 546 Μ

198 649 203 656 ·
268 621 331 688 τοῖς
355 614 469 694 πέρασι
489 603 524 670 τδ
547 601 709 686 γεώργιον.
752 602 846 665 τούτο
871 603 905 664 δὲ
929 601 1062 673 καύταϊς
1086 596 1262 682 πανδημοις
1284 617 1368 681 cpe.
1433 625 1434 630 ¹

270 711 417 828 δρότερογ
439 686 865 794 5x5adstpsv⁸pdpssov‚’
828 726 864 764 ου
890 704 1068 784 δισταγμού
1088 695 1170 774 τινός
1191 699 1286 782 μέρος
1306 723 1371 760 πα-

271 809 468 898 ραμιγνύντα
500 811 543 894 τῷ
566 799 659 889 ἤθει,
691 802 799 878 δποῖος
830 810 894 878 τοῖς
927 801 1114 866 δεδιόσιν*
1103 805 1210 865 ἐπεται
1231 795 1289 882 την
1310 800 1371 861 τού
1428 808 1432 817 “

269 915 434 996 μέλλοντος
460 910 594 994 δδηλιάν
616 905 659 979 αἱς
680 903 719 967 τό
743 903 854 968 πολλά.
896 903 951 967 acl
972 895 1113 983 οἶσθόγε
1135 901 1178 975 ιδς
1197 895 1392 984 ἠχθόμεθαῦ
1473 937 1474 1008 }

172 1065 176 1078 ε
270 1016 325 1138 r5r
344 1034 524 1096 παρρησιας
545 1008 679 1090 τάνδρί·
736 1001 802 1088 dd'
827 1004 885 1067 ούκ
906 1005 1048 1068 ἐνεδίδου
1070 1003 1178 1083 λέγων.
1221 1001 1370 1063 σκεπτέον

273 1106 330 1178 oda
348 1109 391 1194 μη“
418 1111 495 1175 θεοῦ
515 1109 701 1191 μαχομένου
724 1105 776 1170 διδ
800 1101 832 1169 τό
863 1101 965 1187 δόγμα
990 1106 1134 1184 ποναῑμεν
1156 1094 1331 1183 α’νὴνυταΡ

207 1222 263 1275 ⁸⁰
352 1215 482 1277 Ταῦτα
512 1233 617 1274 τοιννν
648 1211 703 1272 καί
731 1205 923 1273 τὰτοιαῦτα
953 1202 1128 1287 διεξιούσης
1160 1199 1369 1284 s'xcr'r5c,‘to
1322 1189 1371 1260 ι(ιδ

271 1313 384 1399 yu'ror‘¹
405 1315 503 1399 φησίν
528 1309 543 1376 ὃ
567 1307 763 1391 βασιλεύς,“
767 1306 806 1370 ού
838 1303 1109 1424 πόντακαθύραξ
1128 1327 1235 1386 χρεων
1258 1300 1372 1364 α’νατι-

167 1437 188 1480 “,
272 1420 367 1482 orsas
390 1415 466 1498 θεῷ.
522 1404 603 1475 εἶναι
630 1409 690 1493 γόρ
713 1433 782 1474 τινα
812 1411 867 1472 καί
893 1407 993 1490 τύχην
1025 1403 1201 1525 τύρριννον,
1230 1399 1310 1467 κατὰ
1333 1423 1369 1464 το
1382 1413 1412 1466 tt
1473 1439 1474 1450 ι

274 1513 454 1597 αύτόματον
475 1515 632 1578 δπιούσαν
654 1518 717 1584 τοις
740 1511 802 1587 τιδν
830 1509 1008 1592 ἀνθρώπων
1031 1505 1206 1592 πράγμασι,
1230 1505 1290 1570 ada
1315 1509 1371 1570 τοῦ
1473 1499 1474 1506 '

272 1613 447 1702 προσεχοῦς
469 1609 572 1696 αρ’την
592 1616 714 1694 μᾶλλον
735 1610 940 1695 τάνθρώπεια
967 1603 1189 1675 dissuescat*
1170 1635 1186 1691 5
1210 1607 1266 1672 τόν
1287 1603 1371 1692 θεόν,

273 1722 432 1801 ἐνέργειαν
453 1720 513 1836 μὲγ
535 1707 773 1811 καλουμένην
752 1736 908 1798 ακτιστον,
932 1711 1134 1786 δεσποτικοὶις
1150 1713 1185 1775 δὲ
1205 1710 1374 1794 χαρακτη-

274 1843 333 1898 ρας
361 1816 525 1903 φέρουσόν
550 1839 583 1879 τε
615 1839 668 1879 και
698 1817 887 1890 δεσποτικῶς
915 1821 979 1886 τοῖς
1014 1810 1214 1934 πρόγμαριν
1217 1807 1374 1893 ἐπιστρα-

274 1916 431 1985 τεύουσαν
453 1914 532 1980 κατύ
557 1913 614 1998 τὴν
629 1918 687 1980 τού
709 1915 898 1995 αύτομότσσ
917 1914 1022 2000 φορόν
1044 1937 1078 1976 τε
1102 1937 1155 1976 και
1177 1909 1308 1995 κίνησιν.
1344 1934 1373 1973 ει
1385 1927 1414 1980 15

275 2023 304 2083 δ’
328 2009 391 2104 οδν,
414 2016 506 2138 λόγον
538 2017 598 2101 ε’γω
621 2039 673 2081 σοι
695 2018 750 2080 κατ’
770 2013 859 2096 μύλα
881 2017 1027 2102 stdvt'qs'
1013 2017 1095 2098 ερῶ,
1116 2015 1172 2100 τῆς
1193 2011 1271 2096 ἐμῆς
1293 2000 1376 2096 (555-

275 2119 365 2196 θειάς
396 2119 548 2205 μάρτυρά
573 2143 604 2184 τε
633 2144 685 2183 και
715 2113 901 2202 βεβαιωτήν.
956 2111 1052 2182 οἶσθα
1081 2115 1143 2201 γὰρ
1175 2113 1299 2191 ὁποιάις
1320 2139 1376 2177 και

275 2218 367 2298 όσαις
390 2222 562 2305 ἠπειγόμην
586 2221 795 2300 ἐξευμενδζειν
815 2217 869 2282 τόν
883 2214 961 2282 θεόν
980 2214 1153 2302 χρημάτων
1175 2212 1311 2296 δόσεσιν,
1335 2208 1377 2290 ,ἃς

275 2321 432 2440 ρ’φθόνοις
458 2320 623 2403 παλάμαις
655 2318 820 2405 ἐξηντλουν
850 2317 969 2403 ἱερεῦσι
1000 2322 1054 2383 κατ’
1081 2315 1298 2403 μονοτρόποις,
1320 2318 1379 2378 κατ’

275 2415 344 2487 όσοι
367 2419 533 2507 σπηλαιοις
570 2424 790 2494 ἐνδιαιτιδνται
812 2425 867 2484 κατ’
890 2412 995 2505 όρεσι,
1022 2443 1075 2484 και
1096 2413 1166 2483 όσοι
1188 2423 1251 2484 ταῖν
1270 2409 1415 2494 ύλλωςγρ

275 2529 365 2613 πενίη
387 2547 440 2588 και
463 2521 544 2647 νύσιρ
567 2521 778 2602 συζώντωνζ
755 2546 921 2610 υπηρχον,
946 2548 998 2587 και
1014 2525 1058 2609 πη”
1078 2525 1137 2604 μὲν
1159 2520 1306 2606 δημοσίᾳ,
1330 2521 1377 2606 κη’

195 2648 199 2656 ·
277 2628 312 2690 δὲ
332 2624 540 2708 βλέποντοςε
520 2625 668 2690 απύνταν
689 2624 828 2702 ούδενύς.
882 2623 1008 2754 ιδγησαν
1028 2625 1101 2688 δ”
1083 2633 1158 2710 ημῖν
1178 2623 1281 2708 ούδέν,
1306 2623 1378 2685 αλλ’

277 2719 406 2813 αύραις,
429 2720 472 2803 ὥς
492 2749 527 2812 γε
548 2723 662 2813 ἔοικεν,
682 2723 786 2792 ε’κεῖνα
806 2722 896 2792 πάντ’
911 2728 1190 2826 ’ἐκηεπονηκαμεν,
1210 2748 1261 2790 και
1283 2745 1377 2808 περι-

279 3009 354 3084 iord,
373 3025 402 3069 nt
423 3017 594 3071 acerbissima
612 3017 681 3070 mala
697 3016 831 3069 uberrime
848 3017 889 3070 αδ·
900 3023 1043 3069 extremum
1064 3023 1278 3070 succrescerent.
1305 3016 1376 3068 idern

277 3092 343 3158 ipsis
362 3091 546 3144 vehementius
563 3090 777 3156 pronuntiantem
806 3088 963 3152 audivimus,
992 3097 1022 3140 ut
1039 3088 1108 3140 nibil
1127 3087 1300 3140 dubitationis
1321 3089 1375 3140 suis

278 3163 405 3220 moribus.
422 3160 596 3226 admisceret,
626 3175 694 3228 quae
718 3158 876 3228 plerumque
902 3161 1118 3213 incertitudinem
1137 3161 1218 3212 futuri
1246 3160 1375 3228 temporis

278 3233 456 3284 metuentibus
475 3234 565 3284 inesse
584 3231 663 3282 solet.
700 3246 788 3298 neque
807 3233 912 3296 nescis,
932 3240 1029 3300 quanto
1059 3233 1119 3284 odio
1140 3233 1190 3284 viri
1208 3247 1262 3283 non
1282 3245 1298 3282 a
1320 3232 1375 3283 suis

278 3304 368 3356 verbis
396 3303 548 3356 recedentis
567 3302 718 3354 libertatem
746 3305 881 3370 persecuti
908 3305 1000 3356 simus.
1038 3304 1264 3364 ,considerandum
1293 3304 1375 3372 igitur

279 3382 333 3440 cst,
351 3391 414 3427 num
434 3375 503 3427 forte
525 3375 575 3426 deo
594 3375 653 3441 ipso
674 3374 707 3425 ob
727 3375 821 3444 dogma
840 3383 1006 3463 repugnante
1025 3375 1100 3427 irrita
1120 3376 1273 3427 iaciamus.“

377 3465 450 3516 llaec
470 3471 550 3531 atque
573 3464 702 3516 eiusmodi
725 3481 803 3534 quam
822 3463 871 3516 illa
887 3463 1052 3532 protulisset,
1073 3465 1232 3532 imperator:
1252 3465 1374 3532 „mulien

278 3537 374 3605 inquit,
391 3551 446 3588 non
465 3535 552 3586 omnia
573 3535 699 3588 debemus
719 3537 751 3588 ad
771 3537 848 3588 deum
870 3537 982 3588 referre.
1020 3539 1176 3588 nemetiam
1198 3536 1305 3589 fortuna
1324 3537 1372 3588 do.

209 3610 213 3614 ’
278 3610 349 3660 mina
368 3609 496 3678 quaedam
516 3615 565 3671 cst,
584 3623 652 3675 quae
665 3623 714 3659 suo
736 3608 846 3661 arbitrio
860 3606 994 3659 bominum
1014 3625 1058 3661 res
1076 3609 1255 3677 aggrediatur.
1295 3617 1376 3676 atque

279 3682 447 3733 continentes
475 3682 556 3731 vitam
581 3678 719 3731 humanam
740 3682 823 3748 magis
850 3688 944 3748 regat,
966 3696 1042 3748 quam
1062 3683 1145 3745 dcus;
1170 3685 1294 3748 operatio
1315 3683 1374 3751 qui-

279 3753 337 3804 dem
356 3753 506 3804 nominatur
526 3753 653 3815 increata,
673 3753 763 3803 induta
777 3761 867 3804 autem
895 3761 935 3804 cst
957 3755 1062 3818 tyranni
1081 3753 1198 3807 moribus
1217 3755 1374 3823 superbam-

279 3839 331 3892 que
352 3825 380 3875 in
402 3838 492 3879 omnes
516 3831 569 3875 res
578 3825 783 3875 dominationem
813 3833 922 3877 exercet
948 3838 996 3890 pro
1022 3824 1141 3878 libidinis
1166 3827 1267 3895 impetu
1296 3834 1373 3893 atque

278 3902 360 3947 motu.
397 3895 523 3964 agedum!
543 3895 691 3947 orationem
715 3895 764 3947 tibi
784 3895 884 3960 dicam,
905 3910 982 3964 quam
1006 3899 1064 3964 ipsa
1083 3898 1151 3949 baud
1170 3915 1235 3951 sane
1256 3899 1373 3966 ignoras,

279 3982 347 4035 quae
366 3983 408 4018 me
433 3982 499 4019 vere
518 3965 636 4018 locutum
665 3982 724 4019 esse
745 3968 901 4019 testificetur
928 3975 1007 4035 atque
1038 3970 1183 4022 confirmet.
1221 3971 1274 4023 scis
1296 3971 1372 4029 enirn,

280 4039 385 4106 quantis
405 4046 431 4089 et
454 4036 577 4107 qualibus
599 4052 649 4106 ego
672 4038 817 4091 studuerim
835 4041 911 4092 donis
931 4041 973 4091 dei
993 4039 1114 4093 favorerri
1132 4042 1197 4094 mibi
1218 4042 1372 4101 conciliare,

280 4125 348 4179 quae
367 4108 454 4176 plenis
473 4109 594 4162 manibus
621 4110 822 4174 sacerdotibus,
840 4110 990 4163 bominibus
1018 4114 1156 4178 solitariis,
1179 4116 1331 4183 quicunque
1347 4113 1373 4161 in

280 4181 418 4250 speluncis
437 4181 556 4234 habitant
578 4190 604 4233 et
624 4181 757 4234 montibus
775 4190 821 4233 aut
841 4190 998 4250 paupertate
1027 4193 1053 4236 et
1071 4184 1169 4236 morbis
1189 4186 1312 4253 oppressi
1330 4183 1372 4235 ri-

279 4261 333 4314 tam
352 4253 461 4328 degunt,
482 4261 508 4308 et
526 4255 613 4326 palam
633 4261 660 4307 et
676 4253 782 4318 occulto
802 4253 946 4330 largiebar.
984 4273 1076 4315 verum
1095 4256 1162 4312 nibil
1181 4258 1304 4316 utilitatis
1321 4272 1371 4314 no.
