2952 4902
213 329 434 404 nrsronmn
462 329 718 403 sumnum
739 317 1056 405 ursuli-ott.
1140 327 1188 402 oo

96 501 149 560 νοίι
168 485 299 578 μέτεστι
319 502 375 565 καί
393 495 548 581 διανοίας,
570 501 634 564 τοῖν
655 499 708 564 αἰί
731 501 922 582 γιγνομένων
943 499 1189 581 στοχαζομένοις

94 591 209 678 ὀρθῶς.
258 599 380 666 δίκαιον
409 602 438 664 δ’
460 594 543 664 εἶναι
566 600 622 666 ron
650 598 727 664 θεὸν
756 603 810 667 καί
831 598 936 666 δίκαια
964 603 1107 685 δρῶντας
1128 600 1189 663 α’ν-

93 696 242 780 θριόπους
274 707 396 785 φιλεῖν,
429 704 484 767 καί
517 706 613 768 τοῦτο
644 703 673 765 δ’
700 693 888 783 οἶμαιίοῖς
908 697 1008 766 ἅπασι
1029 699 1188 785 γνώριμον

92 792 241 876 είναιόἶς
263 800 320 865 τόν
340 807 414 868 νοῦν
437 805 494 887 τῆς
515 806 624 887 ψυχῆς
648 800 729 881 οἴαξι
761 804 1050 886 πηδαλιουχεῖσθαι
1074 805 1187 886 ξυνορ-

70 897 197 984 ᾶρυὴιιει
223 906 399 980 ουνέσιωςι
432 902 466 969 τὸ
487 908 564 987 γοῦν
584 902 684 970 ἕωθέν
703 929 772 970 τινα
795 902 854 987 τὴν
875 903 984 987 πρίσω
1007 902 1106 988 φαίνοι
1126 925 1188 967 πο-

93 1005 176 1081 ρείαν
196 1005 345 1084 βαδίζειν
379 1001 486 1093 ἁπάσῃ
515 1009 640 1092 σπουδῇ
658 1010 853 1087 προθέμενον
882 1006 1029 1070 ιοσοῦιον
1052 997 1186 1069 inicum

90 1095 221 1183 ἑσπέρας
243 1099 384 1186 δρᾶσθαι
404 1107 583 1190 καθήμενον
608 1103 683 1171 ὅσον
705 1103 885 1190 ἔμπροσθεν
907 1108 1015 1188 έχρῆν,
1034 1108 1128 1170 τοῦτο
1149 1105 1185 1168 δέ

96 1198 147 1263 καί
162 1197 208 1280 οἷς
244 1203 348 1287 έλίγος
370 1208 533 1292 ἐμπέφυκε
561 1199 646 1287 νοῦς,
668 1204 755 1290 γνοίη
787 1200 826 1269 ἂν
848 1206 928 1270 θεοῦ
950 1206 1073 1280 πάντως
1094 1198 1186 1284 εἶναι,

93 1303 163 1388 μήτε
183 1303 252 1388 μὴν
274 1308 417 1382 ιοῖς.ιοῦ
438 1310 622 1387 βαδίζοντος
641 1305 768 1390 τρόποις
790 1307 1019 1391 α’ρεοιισμέναυ,
1043 1303 1098 1368 καί
1117 1299 1185 1386 ἅμα

59 1413 150 1482 ittet}
169 1408 273 1495 τούτῳ
297 1411 469 1490 δρωμένοις
503 1404 622 1474 ἅπασιν
645 1411 809 1493 emperor
845 1409 1049 1490 μαχομένου,
1078 1410 1133 1472 καί
1152 1409 1185 1482 ές

90 1505 124 1570 ιὰ
150 1501 233 1572 πένυ
262 1509 323 1573 τῶν
356 1507 531 1591 προοιμίων
559 1510 926 1591 έναντιιόιαια’πέραια
957 1507 1015 1593 τὴν
1042 1507 1183 1590 σπουδὴν

92 1605 367 1691 α’ντιπεριοίγονιος.
409 1614 572 1694 μέμνημαι
604 1612 710 1676 τοίνυν
740 1611 802 1692 οὐχ
822 1604 923 1692 ἅπαξ,
952 1602 1028 1674 οὐδὲ
1050 1607 1098 1684 δίς
1121 1631 1180 1672 που
1192 1624 1248 1675 2⁹

94 1712 140 1772 καί
156 1707 224 1792 τρίς
247 1709 352 1795 μόνον,
377 1710 457 1774 ἄλλα
489 1713 544 1775 καί
576 1710 665 1794 μάλα
696 1711 797 1794 δήπου
820 1734 855 1794 γι
882 1709 1030 1785 πολλάκις
1062 1712 1183 1793 α’μφοῖν

92 1803 157 1887 ἡμῖν
176 1809 320 1886 εἰπόντος
342 1816 402 1876 τοῦ
415 1814 445 1876 Γ
442 1817 563 1896 ρηγορᾶ
579 1811 656 1878 παισί
680 1811 738 1887 τοὶς
757 1813 910 1878 ἐνταυθοῖ
927 1795 1075 1885 πολλάκις
1097 1812 1185 1876 itre-

62 1906 199 1986 ίοζοδσας
220 1915 245 1951 ¹¹
277 1910 405 1994 μακράς
437 1917 494 1977 καί
522 1917 699 1989 πολυειδεῖς
731 1914 822 1997 ἡμῶν
846 1913 973 1995 ὁμιλίας
1005 1905 1115 1995 (οἶσθα
1149 1912 1310 1982 diense

94 2008 144 2073 ιιαί
163 2013 277 2097 σίνος)
300 2008 358 2087 τίς
377 2016 507 2097 βίβλους
529 2008 610 2080 εἶναι
634 2018 693 2079 τοῦ
714 2019 861 2096 Παλαμᾰ
890 2017 1076 2095 δυσσεβείας
1101 2011 1184 2093 πλή-

93 2134 149 2190 ρεις
176 2117 325 2198 μακροῖς·
368 2112 406 2190 ἃς
428 2117 610 2199 δεχομένοις
632 2112 729 2200 ἡμῖν,
761 2118 817 2180 καί
846 2114 964 2197 πολλὴν
993 2113 1048 2177 καί
1068 2136 1182 2178 πανιο-

94 2212 187 2296 δαπὴν
219 2214 281 2299 τήν
313 2217 479 2296 εὐμένειαν
513 2219 606 2302 σφίσι
632 2221 881 2303 παρεχομένοις,
918 2214 1037 2302 ἔφασκέ
1069 2238 1104 2279 ιε
1131 2218 1195 2280 καί

95 2307 266 2397 ὑπισχνεῖτο
290 2319 407 2402 μηδενί
425 2323 486 2386 τῶν
507 2315 581 2404 ἡμῖν
597 2345 632 2404 γε
646 2323 815 2402 δρωμένων
833 2320 991 2404 δημοσίων
1011 2318 1184 2400 είδρομιάν

64 2415 316 2502 λθίιολουθῇσειν
343 2418 422 2503 πρὸς
443 2423 502 2484 τοῦ
532 2424 656 2486 δικαίου
677 2423 756 2485 θεοῦ
768 2472 777 2503 ,
801 2423 868 2486 ἀλλ’
891 2417 1133 2504 α’νατρέπισθαί
1149 2438 1184 2481 ιο

96 2514 186 2582 πάντα
213 2519 270 2585 καί
300 2525 497 2608 φθείρεσθαι
518 2527 705 2609 προφανῶς,
736 2520 881 2607 καθάπερ
905 2527 1068 2605 κεραυνοῖς
1090 2519 1184 2582 αι’θι-

97 2616 164 2697 ρίοις
185 2619 223 2685 τέ
245 2620 335 2707 λὴια.
386 2625 417 2688 εί
446 2628 481 2690 δέ
507 2649 568 2689 που
592 2627 646 2690 καί
674 2627 774 2704 δόξειε
803 2629 865 2690 τῶν
894 2624 1055 2708 ἡμετέρων
1082 2618 1183 2703 έργιον

96 2713 123 2778 ἓν
147 2717 313 2790 ὁποιονοῦν
346 2723 466 2819 ὁπῃοῦν
492 2725 703 2812 catraperseta
726 2729 922 2812 προοιμίων,
954 2725 1023 2790 ἀλλ’
1046 2716 1104 2789 σίν
1124 2723 1181 2786 ουίι

98 3000 126 3052 tis
141 3012 215 3074 atque
234 3009 344 3062 consilii
360 3013 493 3080 particeps
511 3029 566 3077 res,
587 3012 719 3081 quomodo
737 3027 861 3081 quaeque
880 3017 1001 3080 agantur,
1020 3016 1094 3062 recte
1113 3023 1178 3076 per.

99 3074 188 3138 spiciat.
224 3081 322 3139 iustum
341 3098 407 3136 vere
427 3100 486 3138 esse
504 3085 581 3136 deum
595 3092 621 3136 et
638 3085 723 3138 iustos
743 3083 864 3135 homines
882 3083 915 3134 ab
934 3097 967 3134 eo
988 3082 1078 3146 amari,
1101 3081 1179 3132 etiam

99 3140 141 3196 htv
156 3158 214 3214 puto
234 3155 357 3206 omnibus
374 3171 530 3224 persuasum
558 3173 632 3222 esse,
646 3181 649 3185 ·
664 3171 775 3226 quorum
803 3155 883 3208 animi
910 3153 1092 3224 gubernaculo
1111 3158 1178 3220 pr'u.

100 3213 189 3297 dentiae
207 3223 365 3292 dirigantur.
404 3229 505 3296 siquis
526 3229 596 3280 enim
615 3244 692 3280 mane
718 3229 789 3280 omni
805 3228 893 3280 studio
911 3242 986 3278 suum
1005 3227 1074 3290 iter,
1096 3224 1178 3277 atita

100 3285 177 3355 licam,
196 3299 322 3365 persequi
342 3300 394 3351 sibi
412 3301 592 3366 proposuerit,
611 3315 726 3367 vespera
745 3307 833 3352 autem
852 3313 937 3367 usque
958 3299 1024 3350 adeo
1045 3296 1179 3364 posterius

101 3359 177 3435 sedens
196 3370 387 3436 conspiciatur,
406 3387 484 3440 quarn
503 3371 616 3423 debebat
637 3387 795 3440 progressus
817 3386 886 3435 esse,
907 3368 951 3421 vel
971 3369 1070 3437 pusilla
1090 3374 1178 3419 mente

102 3429 196 3506 tulatus
223 3439 409 3507 intellexerit,
435 3443 486 3495 hoc
505 3443 548 3494 dei
573 3460 632 3496 esse
652 3444 769 3508 lucinus,
794 3444 839 3513 qui
858 3441 973 3494 hominis
993 3441 1070 3492 istius
1090 3452 1178 3490 mores

101 3506 230 3579 taprobane
253 3513 390 3579 omuibus,
416 3531 485 3584 quae
504 3513 552 3566 ille
573 3517 643 3584 agit,
670 3516 810 3568 manifesto
834 3520 965 3582 repugnat
985 3513 1096 3580 eiusque
1119 3519 1178 3562 stu.

102 3566 158 3624 imm
181 3579 210 3631 arl
238 3586 419 3652 contrarium,
445 3601 522 3655 quam
546 3587 620 3639 initia
639 3588 832 3655 promiserunt,
861 3583 1044 3638 circumflectit
1069 3585 1176 3635 exitum.

103 3648 190 3729 memini
207 3663 295 3708 autern
316 3657 460 3727 Gregoram
485 3673 539 3710 non
557 3659 641 3710 semel
668 3673 718 3710 nec
745 3658 786 3710 bis
812 3667 890 3710 terve
908 3658 955 3709 sed
976 3656 1131 3724 saepissime
1150 3654 1178 3704 in

27 3731 31 3740 “
102 3708 269 3794 l⁰¹¹31satque
289 3730 372 3780 variis
393 3728 537 3798 colloquiis
556 3730 650 3781 crebro
672 3730 811 3782 nobiseum
840 3728 883 3779 lric
902 3729 1041 3792 institutis,
1061 3728 1088 3778 id
1108 3723 1178 3794 quod

104 3789 464 3868 remurmuremus
485 3804 585 3865 dicere,
605 3801 822 3854 librosPalamee
839 3815 933 3870 magna
953 3806 1057 3850 seatere
1079 3798 1175 3864 impie-

104 3859 153 3934 lile·
185 3872 291 3934 quossi
312 3886 361 3922 nos
380 3874 560 3940 reciperemus
582 3890 613 3926 ac
635 3888 731 3941 magno
760 3873 853 3926 lavore
873 3880 900 3923 et
918 3871 989 3922 omni
1007 3868 1177 3921 benevolen-

30 3969 31 3974 =
103 3928 131 3976 tm
146 3947 371 4010 prosequeremur,
390 3945 459 3996 nulli
487 3939 670 4015 reipublicae
690 3945 800 3997 anobis
820 3950 961 4009 susceptae
982 3939 1059 3993 deum
1081 3941 1177 3992 iustum
1219 3948 1224 3968 ’

106 4008 229 4070 prosleros
247 4029 388 4068 successus
408 4017 528 4068 daturum
548 4035 616 4081 esse,
636 4018 703 4068 dixit
721 4025 800 4084 utque
817 4015 938 4083 promisit
953 4011 1024 4077 ille,
1043 4012 1090 4063 sed
1109 4011 1176 4073 lore,

105 4073 219 4134 ultttunia
236 4085 456 4139 subverterentur
483 4104 515 4141 ac
533 4090 673 4142 manifesto
702 4093 936 4153 corrumperentur
955 4084 1040 4156 ueluti
1069 4090 1177 4152 segetes

31 4159 33 4210 l
107 4135 234 4228 ltlmrihus
254 4156 400 4210 aethereis.
436 4161 584 4214 sinautem
603 4159 669 4210 haec
697 4157 872 4211 velillares
893 4155 1077 4225 aliquomodo
1099 4153 1176 4206 initio

32 4233 33 4248 ι
106 4213 167 4270 toln
183 4230 328 4284 succedere
347 4230 437 4286 visura
456 4239 536 4302 esset,
555 4240 670 4289 attamen
694 4245 764 4304 non·
776 4229 859 4304 longo
878 4236 998 4300 tempore
1016 4225 1175 4300 interposito
