2880 4910
238 277 314 350 ιιι
504 321 507 333 ,
543 281 767 351 πιαεεποπι
797 277 1028 348 cannones

239 443 295 510 καί
316 439 398 510 ε”οικε
419 443 455 510 τό
485 445 548 510 τῶν
577 445 766 526 θεοπρεποῖν
793 437 958 522 ὀνομάτων
991 441 1114 521 πλῆθος
1135 444 1202 514 ταῖς
1225 438 1260 500 ἐκ
1280 437 1337 499 τοῖν

240 541 388 629 περάτων
409 547 469 609 τοῦ
489 543 606 609 κόκλου
631 541 708 626 πρὸς
724 540 911 630 τόμίντρσν
931 543 1165 624 συναγομένοις
1186 534 1338 615 εόθείαις,

238 655 406 727 μερισταίς
427 648 486 726 μὲν
510 639 621 718 σόσαις
640 641 780 726 ἔξωθεν,
802 642 837 708 τό
860 643 895 706 δὲ
913 646 1040 726 κέντρον
1058 638 1190 722 μερίσαι
1210 639 1255 720 μη
1283 639 1340 700 δυ-

239 750 401 830 ναμέναις,
423 745 505 813 oillei
529 749 671 832 pattovj,
703 741 778 810 όσον
802 739 951 830 ἐφικτόν,
974 745 1180 824 ε’νιζομέναις.
1223 742 1257 804 ἐν
1279 738 1338 821 γὰρ

116 851 275 934 ‘01⁷6er
296 849 442 938 θεωρίᾳ,
474 851 574 934 φησί,
595 851 652 931 τῆς
672 850 782 929 νοερᾶς
804 847 952 932 φόσεοος,
976 842 1038 926 {deci
1063 839 1099 907 τό
1132 841 1360 923 όπερκεϊσθαισ

236 951 293 1032 τῆς
314 951 472 1033 αἰσθητῆς
503 945 605 1032 αότῆν
628 948 855 1032 καταλήψεως,
875 946 1090 1028 στοχαστικός
1121 945 1178 1026 τῆς
1199 942 1341 1014 διανοίας

238 1047 426 1134 ὀρεγομένης
446 1051 508 1114 τεόν
531 1045 755 1134 ε’κφευγόντοον
775 1046 833 1133 τη“ν
855 1044 1024 1131 αἴσθησιν,
1047 1036 1136 1108 ἄλλοι
1157 1036 1263 1117 ἄλλοις
1278 1066 1339 1142 ἱκι-

237 1145 380 1228 νσόμιθό
414 1173 448 1214 τε
476 1149 553 1230 περί
573 1147 608 1214 τό
646 1149 855 1232 ζητούμενον,
878 1150 935 1212 καί
954 1142 1032 1211 carol
1057 1146 1113 1228 τὴν
1137 1145 1339 1227 ἐγγενομένην

166 1277 170 1290 ι
237 1241 357 1338 ἓκόστιρ
380 1253 457 1334 περί
488 1247 521 1314 τό
549 1247 754 1329 ὑποκείμενον
776 1251 940 1330 διάνοιαν,
971 1242 1055 1323 ὅπως
1086 1241 1126 1310 όν
1160 1235 1225 1310 οἶόν
1255 1266 1290 1306 τε
1309 1235 1339 1329 ᾗ,

172 1348 271 1422 uad
298 1353 413 1435 νοηθὲν
435 1343 670 1434 ἐξαγγέλλομεν.
714 1349 731 1414 ό
754 1350 783 1414 d’
804 1350 935 1432 α’μαθὴς
957 1349 1121 1427 Παλαμσῖς
1141 1342 1195 1410 διό
1216 1340 1339 1427 γνιόμης
1348 1361 1380 1415 10
1438 1357 1439 1362 ’

238 1447 360 1514 α’τόπου
373 1451 618 1534 μοχθηροτέραν
639 1451 703 1528 ἕξιν
716 1449 803 1535 copel
826 1453 952 1535 φαῦλον
963 1447 1019 1523 τός
1039 1451 1103 1510 τῶν
1118 1441 1216 1527 όγιόσν
1231 1441 1340 1528 ῥήσεις

236 1551 458 1636 ποιησάμενος,
486 1548 542 1634 τόν
575 1553 634 1614 τοῦ
660 1554 738 1614 θεοῦ
758 1547 968 1634 συνικόκησεν
988 1549 1171 1633 ἐκκλησίαν,
1202 1544 1262 1607 otu
1283 1539 1339 1610 οἶδ’

239 1647 412 1734 ὁπότερον,
442 1647 495 1716 εἴτ’
518 1641 605 1715 οἴκεον
626 1651 749 1734 όγνσσῖν
770 1647 829 1735 την
858 1652 985 1716 ἐκείνων
1007 1645 1160 1729 διόνοιαν,
1177 1644 1240 1712 εἴθ’
1262 1641 1341 1711 tuot

235 1755 438 1837 βλασφημῶν
462 1747 517 1815 καί
537 1753 571 1816 όν
592 1750 810 1844 όποκειμίνοις
837 1749 893 1816 καί
912 1749 1082 1836 διαφόροις
1104 1745 1281 1834 πρόγμασι,
1300 1746 1338 1813 τό

238 1847 382 1937 διόφορα
414 1854 476 1916 τόν
511 1855 636 1917 πολλῶν
664 1851 792 1918 ἐκείνων
812 1854 999 1937 θεοπρεπῶν
1032 1848 1193 1932 όνσμότοιν
1217 1850 1340 1932 όσεβιός
1349 1871 1379 1926 15

237 1950 466 2048 dalupssp'ooor,
491 1957 547 2019 καί
578 1951 697 2029 πολλός
724 1951 779 2018 καί
795 1952 975 2039 διαφόρους
1009 1953 1154 2018 ε’νιεόθεν
1175 1951 1341 2026 όκτίστους

237 2047 401 2138 κηρόττισν
420 2054 517 2130 θεσός
536 2057 592 2120 καί
604 2055 770 2141 θεότητος.
815 2053 890 2119 odat
910 2053 971 2137 γὰρ
995 2055 1070 2118 oaldi
1081 2055 1112 2118 Γ
1110 2054 1263 2138 ρηγορίου
1285 2056 1341 2117 τοί

147 2232 156 2247 ¹
238 2150 381 2239 Νόσσης,
405 2154 449 2230 σός
470 2151 573 2236 ἔοικε,
593 2159 730 2239 βοῶντος
762 2155 909 2240 α’κὴκοεν,
930 2153 974 2232 σός
996 2147 1073 2220 όταν
1093 2152 1137 2236 μὴ
1161 2158 1240 2234 μίαν
1260 2147 1340 2219 εἶναι

236 2252 294 2336 τὴν
314 2260 594 2340 προσκυνουμένην
627 2256 727 2340 φύσιν
757 2255 972 2322 πιστεόσσισιν
1002 2252 1030 2321 οἱ
1065 2251 1251 2340 ἅνθρωποι,
1273 2258 1341 2319 ἀλλ’
1403 2301 1404 2308 1

237 2356 283 2428 είς
306 2352 484 2440 διαφόρους
495 2354 654 2441 θεότητος
676 2365 746 2432 ταῖς
764 2359 899 2433 ἐννοίαις
921 2357 1152 2454 οἶπενηχθαῖσιν,
1177 2356 1236 2430 ουἰι
1256 2355 1341 2422 ἔστιν
1350 2363 1380 2420 tt

163 2520 171 2531 ,
236 2450 387 2540 όστησει
416 2453 476 2539 τὴν
510 2459 585 2540 περί
613 2455 648 2522 τό
685 2463 773 2524 θεῖον
806 2457 967 2543 ὑπόληψιν
996 2458 1173 2540 προϊοῦσαν
1207 2454 1260 2521 dui
1282 2455 1340 2536 τῆς

236 2558 378 2637 κτίσεως,
399 2553 479 2622 ital
499 2554 534 2622 τό
558 2561 710 2639 νομισθὲν
743 2563 777 2637 ἐν
798 2562 837 2646 τῇ
857 2562 957 2625 κτίσει
990 2563 1078 2623 θείαν
1102 2554 1234 2644 όφορμὴ
1255 2553 1333 2637 πρός

236 2649 296 2738 τὴν
324 2649 396 2742 ἴσην
426 2654 588 2743 ὑπόληψιν
617 2661 660 2748 τῷ
691 2661 762 2741 μετ’
785 2662 884 2726 ἐκεῖνο
914 2661 1126 2748 θεαρουμίνρ
1155 2656 1340 2744 γενήσεται,

237 2963 383 3018 invisibilis
402 2973 506 3032 natura,
524 2982 581 3020 non·
598 2983 709 3036 prorsus
729 2969 895 3040 incognitum
927 2968 1006 3024 nobis
1026 2976 1157 3036 putamus.
1194 2976 1276 3038 atmre
1295 2967 1343 3022 dt.

237 3037 361 3090 vinorum
379 3039 516 3089 nominum
534 3039 676 3093 multitudo
696 3040 792 3093 similis
814 3049 855 3093 est
874 3043 981 3094 lineisa
1000 3041 1097 3094 finibus
1108 3039 1205 3093 circuli
1224 3042 1252 3092 in
1272 3056 1341 3092 cen.

237 3115 306 3159 trum
327 3117 403 3160 recta
421 3109 586 3176 conciliatis,
605 3127 675 3181 quae
688 3113 792 3164 divisae
811 3113 886 3181 ipsae
899 3121 983 3176 extra,
1004 3120 1124 3164 centrum
1144 3111 1266 3163 dividere
1284 3127 1340 3163 non

237 3187 360 3246 possunt.
398 3181 496 3231 etenim
521 3182 549 3232 in
575 3183 748 3250 disquirenda
778 3182 946 3252 intelligibili
972 3192 1084 3247 natura,
1110 3183 1235 3251 quoniam
1261 3197 1341 3248 supra

238 3265 364 3304 sensuum
382 3252 585 3318 perceptionem
604 3255 692 3318 posita
712 3263 768 3319 est,
788 3263 877 3306 mente
896 3256 928 3306 ad
954 3270 986 3307 ea
1012 3271 1081 3323 quae
1106 3269 1212 3306 sensum
1233 3253 1341 3322 lugiunt

238 3335 287 3388 per
306 3323 490 3373 coniecturam
515 3324 689 3391 percipienda
713 3333 814 3377 attenta
839 3325 885 3378 alii
910 3324 991 3377 aliter
1015 3325 1201 3393 persequimur
1221 3324 1248 3376 rd
1269 3324 1341 3392 qnod

237 3393 394 3460 quaerimus
418 3401 445 3444 et
463 3393 495 3444 ad
514 3394 644 3446 rationem
664 3397 697 3447 de
720 3395 842 3449 subiecto
862 3399 959 3465 cuique
978 3397 1109 3459 innatam,
1130 3395 1192 3463 quid
1214 3403 1241 3446 et
1260 3394 1341 3463 quale

237 3462 274 3514 sit
292 3462 319 3513 id
345 3462 416 3530 quod
434 3464 622 3530 cogitavimus,
641 3467 811 3532 proferimus.
855 3467 964 3536 ignarus
983 3476 1071 3519 autem
1090 3465 1213 3519 Palamas
1230 3473 1342 3533 propter

235 3533 347 3600 ineptae
367 3534 502 3600 opinionis
521 3538 679 3602 pravitatem
699 3539 831 3605 corruptis
851 3547 1001 3592 sanctorum
1019 3537 1114 3590 uerbis
1133 3538 1176 3589 dci
1196 3536 1341 3589 eeclesiam

236 3604 416 3670 perturbavit,
436 3605 530 3657 nescio
549 3623 603 3660 non
623 3617 753 3676 spontane
769 3610 907 3679 incognita
917 3609 1024 3661 illorum
1036 3610 1179 3672 sententia,
1198 3624 1232 3660 an
1243 3615 1343 3673 sponte

236 3673 428 3726 maledicturus
455 3683 483 3728 et
508 3677 535 3728 in
560 3678 689 3731 subiectis
710 3688 737 3732 ct
754 3681 837 3734 variis
863 3681 943 3733 rebus
962 3683 1038 3733 veria
1062 3679 1110 3732 illa
1134 3678 1222 3731 omnia
1248 3679 1344 3732 divina

236 3745 344 3797 uomina
364 3747 448 3813 impie
466 3747 619 3802 sublaturus
640 3758 667 3802 et
684 3751 781 3803 multos
801 3752 864 3804 inde
883 3753 1028 3820 variosque
1046 3753 1180 3803 increatos
1200 3751 1343 3802 nuntiata.

236 3829 282 3866 rus
303 3817 369 3869 deos
389 3825 416 3869 et
437 3818 561 3871 deitates.
599 3837 689 3889 neque
709 3823 816 3874 audisse
836 3817 942 3875 videtur
956 3823 1115 3892 Gregorium
1126 3821 1274 3888 iiyssaeum
1294 3820 1342 3871 lo.

236 3894 379 3954 quentem:
399 3890 421 3939 si
440 3905 493 3941 uon
513 3907 590 3942 uuam
613 3907 673 3944 esse
693 3892 878 3945 venerabilem
902 3902 1022 3946 naturam
1041 3894 1182 3946 crederent
1208 3891 1341 3956 homines,

235 3957 282 4010 sed
302 3959 329 4009 in
346 3961 439 4012 varias
462 3961 575 4014 deitates
594 3965 758 4031 cogitatione
777 3965 977 4028 distribuerent,
995 3980 1049 4018 non
1069 3971 1140 4016 esset
1159 3963 1231 4030 quod
1248 3963 1343 4015 notio.
1364 4017 1370 4028 ,

238 4042 299 4080 nem
331 4030 375 4082 dei
401 4046 449 4098 per
469 4041 618 4084 creaturam
646 4037 821 4100 prodeuntem
846 4037 1032 4088 constitueret.
1075 4034 1123 4087 sed
1155 4035 1286 4087 creditum
1312 4035 1341 4083 in

236 4109 361 4154 creatura
380 4103 500 4156 divinum
519 4104 598 4169 illud,
617 4107 778 4174 principium
798 4108 839 4172 ei,
862 4109 907 4177 qui
926 4108 958 4159 ad
978 4107 1088 4159 eandem
1115 4105 1343 4157 existimationem

233 4169 302 4226 illud
320 4173 510 4244 disquisitnrus
528 4183 586 4242 est,
606 4177 659 4230 luit
677 4180 806 4232 continuo
826 4179 900 4231 etin
918 4179 1008 4233 omnia
1027 4178 1107 4233 buius
1127 4175 1342 4248 consequentiae
