2880 4910
178 385 391 458 nrsroarsn
407 387 667 456 amimalia
684 391 793 458 xxxi.
817 373 1002 458 ss-us.
1071 381 1144 458 361

79 553 322 628 nasammonas
345 551 376 613 δ’
398 552 431 616 ἐν
450 554 492 639 τῇ
512 545 651 636 ἓνότητι·
694 549 729 616 τό
764 549 824 637 γάρ
849 554 1069 637 αληθόνισθαι
1091 549 1147 640 Ιτόν

79 650 123 712 ἕνα
139 648 211 713 θεόν
237 662 303 726 ταῖς
325 661 547 738 νιρονοητικαῖς
568 649 727 735 νιροόόοις,
746 658 889 718 τουτέστι
913 661 977 730 τοῖς
1002 676 1036 718 τε
1058 657 1148 736 ε’γκο-

78 746 162 824 surbac
188 750 239 815 καὶ
263 753 487 837 όαερκοσμιόις
521 751 686 836 seipsas,
726 757 924 835 διαιρεῖσθαι
967 757 1022 818 καὶ
1056 755 1149 836 μερό-

79 850 174 926 lenias*
190 853 271 919 ε’στιν
291 852 472 936 ἀναλόγως,
504 863 747 938 συμμαρτυρεῖν
778 853 946 919 adveniunt
968 852 998 919 οἱ
1027 851 1148 937 ψευδό-

60 961 153 1029 ipsso(
178 952 230 1017 καί
268 959 477 1041 συκοφαντῶν
510 953 566 1020 τόν
597 955 764 1022 θειότατον
794 957 958 1035 Μάξιμον.
1014 958 1058 1031 εἰς
1085 951 1147 1038 γάρ

77 1052 162 1133 ἓτερον
177 1052 232 1136 τὴν
254 1055 349 1140 ρ’ῆσιν
367 1058 540 1142 μεταφέρει
566 1058 661 1142 ναόν,
684 1053 887 1138 κακοτράνιως
908 1060 1072 1138 συρκυκοῖν
1095 1054 1151 1119 aas*

78 1150 290 1234 όναμοχλεόιυν.
333 1159 409 1238 νιερί
428 1145 466 1239 ἧς
495 1158 552 1220 καί
575 1160 672 1222 νιλειὀο
705 1160 806 1238 λέγειν
836 1154 891 1219 καὶ
916 1151 1073 1234 ἐξετάζειν
1096 1151 1151 1220 ιιαό

78 1251 215 1316 διδάσκειν
234 1255 402 1320 adsueui-‘lo
421 1253 477 1321 τόν
497 1257 610 1340 α’μαθῆ
622 1254 815 1340 βουλόμενος
834 1253 931 1338 ἔγωγε
955 1255 1150 1339 προσήκοντα

76 1354 118 1414 νόν
137 1349 187 1416 τόν
206 1353 318 1439 καιρόν
340 1357 410 1437 οόχ’
430 1354 515 1438 ipat·
539 1350 605 1423 ότε
625 1354 685 1440 γάρ
711 1359 773 1422 τιόν
792 1350 906 1420 ’ἄλλοιν
937 1348 1059 1420 ἄνωθεν
1091 1355 1151 1418 άν-

37 1456 177 1520 «lttttsos
197 1451 308 1541 εἷρμός
331 1455 388 1520 οόκ
407 1459 446 1545 ε’ρῖ
467 1458 643 1541 διατρίβειν
662 1480 722 1539 με,
745 1461 802 1522 καὶ
824 1449 893 1536 άμα
913 1451 993 1539 σρός
1016 1449 1149 1537 εἰτεχνάν

77 1573 101 1614 τε
118 1557 164 1618 καί
183 1556 368 1639 κακότεχνον
390 1553 503 1641 ψυχήν
526 1559 585 1620 ου’κ
597 1560 730 1624 εἰσιέναι
743 1555 862 1622 δύναιτ’
881 1550 921 1620 άν
938 1555 1057 1645 ῥᾳδίως
1076 1548 1151 1620 οότε

76 1653 255 1739 μόνβραχά
277 1681 315 1760 τι,
342 1659 404 1723 τάν
424 1658 563 1742 εάλόγοσν
583 1662 679 1744 μέρος
712 1651 786 1724 σόει
810 1659 881 1742 {pis
902 1660 936 1723 έν
955 1655 1178 1744 βραχυτάτρε.
1191 1672 1276 1730 1711.

77 1749 147 1834 μέρει
164 1753 291 1838 χρόνου.
437 1799 450 1836 ,

146 1849 247 1936 Ὅμως
277 1856 317 1924 ἵν’
349 1861 472 1925 ἐκεῖθεν
505 1859 716 1943 ἀναλάβωμεν
753 1857 936 1936 ἐπανιόντες
965 1853 1063 1936 αὖθις
1096 1856 1216 1934 sian

53 1950 236 2037 15όόγον,και“
264 1962 329 2026 τεόν
358 1960 487 2042 άτόμυν
509 1961 627 2026 ου’σιοόν
656 1957 775 2046 ἑκάστη
805 1968 865 2043 μιά
890 1966 946 2027 καί
967 1957 1077 2045 νιραότη
1098 1963 1155 2026 καί

82 2050 229 2140 όέιαέρετός
251 2063 332 2144 ἐστι’,
353 2064 407 2125 καί
424 2063 493 2126 κατ’
514 2062 592 2126 ου’τό
606 2085 642 2145 με
656 2065 752 2127 τοῦτο
768 2062 825 2127 καὶ
844 2062 975 2146 desunt·
997 2056 1070 2126 σότε
1091 2058 1151 2143 γάρ

83 2148 137 2216 ιῖόει
154 2151 223 2224 osiae
246 2156 379 2251 ἀριθμῷ
401 2155 483 2228 εἶναι
507 2165 582 2227 καθ’
615 2158 713 2245 αότὴν
740 2160 975 2248 μεμαθήκαμεν
998 2165 1153 2241 ου’δεμιάν

87 2251 178 2322 sireis·
203 2259 334 2344 διάμάρ
349 2265 446 2326 τοῦτο
468 2268 524 2327 καί
545 2266 686 2343 α’τόμους
708 2263 821 2338 οόσίας
842 2269 949 2348 φαμὲν
962 2259 1151 2329 τάτοιάόε·

90 2347 133 2415 t'll'
151 2359 330 2438 οάσιοάόεις’
349 2355 435 2441 ὅμως
458 2360 571 2446 ἔχουσι
601 2360 764 2448 διαφοράς
797 2366 831 2428 έν
861 2365 906 2452 τῷ
940 2362 1043 2450 οἰκείῳ
1076 2355 1152 2449 όριρ.

61 2452 134 2518 iiiiii
149 2455 404 2544 repositoria
425 2465 488 2528 τάν
501 2459 694 2547 ὁριζομένων
709 2457 781 2528 οὔτε
797 2465 860 2528 τάν
879 2465 1114 2546 διαιρουμένων
1131 2457 1153 2546 ἢ

80 2559 264 2639 scortantem
284 2561 341 2647 ὑφ’
355 2561 435 2628 αάτό
452 2559 510 2640 τάς
522 2565 690 2640 ου’σιοόόεις
702 2563 770 2648 ἔχει
790 2563 963 2649 διαφοράς,
980 2563 1052 2628 ἄλλ’
1067 2555 1154 2628 άνοο-

79 2655 118 2717 θεν
136 2660 280 2728 κατιόντα
305 2666 432 2747 δέχεται
446 2665 501 2729 τόν
518 2670 708 2731 συντιθέντα
728 2666 870 2749 ὁρισμόν,
892 2671 927 2731 ἐκ
947 2667 1058 2749 γένους
1076 2656 1153 2730 όντσ

78 2753 116 2817 tel
128 2767 320 2831 συστατικῶν
342 2766 524 2852 διαφοράν·
568 2764 748 2852 ὁριζόμενοι
760 2763 822 2851 γάρ
845 2762 902 2832 τόν
923 2759 1093 2849 inspersos
1116 2765 1153 2829 οό

74 3045 172 3116 teuton,
189 3059 342 3106 manentem
360 3067 427 3106 aero
445 3053 475 3104 iu
493 3052 604 3105 unitate.
641 3051 774 3121 pluralem
795 3066 856 3104 esse
875 3051 953 3104 deum
971 3049 1154 3118 praecognitis

74 3118 212 3188 eventibus,
232 3123 286 3176 boo
305 3131 360 3188 est,
382 3123 547 3184 naturalibus
567 3131 593 3177 et
619 3121 866 3190 supernaturalibus
884 3121 1036 3184 miraculis3
1055 3121 1154 3174 divisio

73 3191 204 3267 bipartitio
231 3203 272 3247 est
292 3194 324 3246 ad
343 3195 552 3248 similitudinem.
591 3196 703 3246 assentit
723 3193 908 3246 fraudulentus
926 3191 976 3245 ille
1001 3201 1028 3244 et
1046 3193 1078 3244 ll.
1097 3191 1155 3245 lla.
1223 3248 1225 3251 ,

73 3269 152 3318 Χῑῠλιιιιι
176 3265 350 3318 calumnians.
395 3267 542 3318 orationem
568 3268 685 3318 enimin
712 3267 870 3319 contrariam
900 3271 1000 3333 partem
1029 3262 1157 3315 transfert

73 3334 233 3391 perturbatam
253 3345 279 3388 et
302 3353 438 3402 euersam,
467 3337 572 3406 dequo
592 3338 669 3404 plura
688 3337 779 3389 dicere
805 3345 832 3388 et
850 3335 984 3392 indoctum
1004 3336 1156 3386 examinaro

74 3404 94 3447 et
107 3401 196 3458 docere
215 3407 308 3473 aelim,
329 3409 376 3460 sed
394 3417 498 3476 tempus
516 3410 569 3461 iam
588 3417 676 3476 aptum
695 3424 748 3461 uon
769 3409 859 3460 video.
906 3423 966 3459 uam
985 3422 1073 3458 rerum
1093 3405 1156 3457 iude

73 3466 97 3550 tlt
118 3473 189 3528 initio
208 3480 293 3531 series
319 3494 373 3530 uon
398 3481 497 3547 patitur
520 3495 564 3531 me
590 3480 688 3531 morari
713 3496 764 3530 neo
792 3486 902 3547 propter
920 3479 1032 3530 inertem
1054 3484 1081 3528 et
1097 3491 1157 3528 ma.

73 3534 157 3660 ἑιροααι
174 3558 290 3601 mentem
309 3564 364 3602 nou
387 3551 468 3603 laeile
487 3553 594 3620 assequi
613 3552 671 3603 sani
690 3551 841 3620 quicquam,
860 3565 896 3602 ue
914 3549 1074 3602 brevissimo
1095 3548 1157 3616 qui.
1213 3608 1215 3613 Ι

87 3625 120 3664 etl
134 3624 260 3688 tempore.

157 3715 319 3785 Quamquam
338 3716 442 3770 reuersi
463 3732 555 3794 rursup
579 3717 727 3771 orationem
753 3716 922 3782 recipiamus.
960 3715 1158 3770 elementalium

73 3787 230 3858 essentiarum
248 3803 426 3857 unaquaeqne
444 3790 523 3841 nuioa
541 3795 583 3840 est
609 3796 638 3842 et
655 3788 780 3855 primaria
805 3795 831 3839 et
855 3788 988 3854 impartita
1015 3796 1042 3839 et
1066 3788 1100 3842 ob
1130 3789 1157 3840 id

72 3862 144 3930 {lton
160 3873 212 3910 uon
233 3858 410 3912 dissolubilis.
455 3874 509 3911 uon
533 3861 603 3911 enim
623 3859 716 3926 specie
735 3866 781 3910 eut
799 3873 910 3911 numero
932 3853 1057 3910 coustar'e
1076 3858 1158 3910 ullam

73 3924 258 3993 intelleximus,
287 3931 348 3981 ideo
369 3929 543 3982 elementales
564 3929 694 3981 essentias
720 3944 855 3982 vocamus.
893 3931 1051 3982 essentiales
1068 3938 1158 3984 tamen

72 3995 199 4052 uarietates
232 4001 332 4053 babent
359 4002 522 4068 inpropriis
552 4003 607 4053 suis
627 4000 733 4052 linibus.
775 4000 844 4052 nibil
864 4002 934 4052 euim
955 4014 1061 4064 eorum,
1089 4016 1158 4068 quae

73 4074 179 4129 separata
197 4081 266 4124 sunt‘
277 4079 323 4122 aut
340 4072 468 4125 dissoluta
487 4078 533 4124 aut
550 4074 655 4137 partita,
678 4070 836 4123 essentiales
855 4072 925 4123 inse
943 4075 1087 4123 varietates
1107 4071 1158 4122 ba..

75 4127 123 4199 bet,
151 4143 195 4194 sesl
213 4143 247 4195 ab
267 4144 344 4194 initio
365 4143 580 4212 progredientem
604 4145 701 4208 recipit
726 4143 907 4194 definitionem
932 4145 1104 4208 compositam
1124 4155 1158 4192 ex

75 4214 161 4267 serere
181 4222 208 4266 et
226 4215 448 4284 componentibus
467 4213 650 4267 varietatibus.
670 4213 828 4267 definientes
851 4217 920 4265 enirn
942 4211 1086 4278 bominem,
1103 4226 1158 4264 uou
1238 4232 1242 4239 ·

76 4271 233 4340 elementatus
253 4291 280 4340 et
303 4292 415 4354 urtone
436 4285 570 4342 subiectas
589 4291 718 4340 essemus
739 4285 931 4354 perscrutatori
954 4284 1065 4362 dicturus
1085 4295 1109 4338 e.
1130 4295 1157 4353 ρ.
