2880 4910
199 317 418 389 ursroarau
445 317 703 386 suasurum
727 319 850 386 xxxu.
866 304 1026 388 8-11.
1100 313 1171 386 381

182 484 305 550 Τοότων
324 486 351 550 δ”
367 478 454 556 ⁴oa‘r'roa
476 485 649 569 λεγομένων
671 471 804 568 ἤρξαντό
826 507 909 558 τινες
930 485 984 565 τῆς
1004 481 1242 568 ἐφεδρείαςις)

92 587 256 651 ἐπεισιέναι.
304 587 441 672 σόνηθες
472 585 532 670 γάρ
568 588 659 652 πουτί
690 586 944 672 Καντακουζηνῷ
975 585 1185 666 προλοχίζων·

91 688 244 770 ἐφεδρείας
270 691 303 752 ἐν
324 696 389 764 τοῖς
410 686 565 764 τοιούτοις
585 691 639 753 καί
664 689 820 770 Τελχίνων
839 685 989 752 τοιοότων
1010 684 1174 768 ἐπιφέρειν

8 857 9 866 ,
89 783 116 864 ἐξ
137 790 273 873 α’φσνοός
290 785 503 873 στρατόπεδα,
528 789 616 878 adrui
638 791 699 870 μὲν
718 787 920 870 συμμαχίαν,
944 790 1009 860 τοῖς
1035 785 1062 847 δ’
1086 783 1175 848 dart·

8 883 9 948 ό
69 891 182 963 ὁθέτοις
202 888 367 974 ἔκπληξιν·
412 881 458 956 τόν
479 889 495 952 ό
521 896 643 974 πρῶτος
661 893 717 955 καί
734 888 1022 983 μάλισιαιτιάντων
1045 880 1176 967 όμόψυ-

86 984 136 1069 γός
152 1013 184 1053 τε
204 993 259 1055 καί
288 986 480 1073 ὁμογνώμων
507 991 562 1055 καί
587 989 688 1057 πάντα
719 987 926 1073 οεεργόμενος
958 985 1177 1068 ἀνελάμβανον

88 1082 176 1164 εόθός
197 1089 234 1154 τά
256 1093 314 1156 τοῦ
337 1090 370 1156 ἐν
395 1090 556 1180 Θαβωρίηι
580 1094 622 1181 τῷ
647 1085 715 1174 όρει
739 1089 846 1177 φωτός
866 1092 992 1173 ἐκεῖνα,
1012 1089 1069 1152 καί
1091 1089 1175 1150 ἐλαι.

88 1189 165 1273 δόρει
193 1190 246 1256 τόν
276 1193 356 1278 ὑπὲρ
381 1197 529 1276 Χριστοῦ
557 1197 612 1259 καί
631 1197 693 1258 τεόν
713 1192 812 1258 θείων
842 1191 897 1274 τῆς
920 1190 1085 1274 ἐκκλησίας
1104 1189 1176 1270 δογ-

86 1291 183 1370 μάτων
202 1298 306 1377 μυριά
328 1291 472 1359 παθόντα
497 1292 584 1360 δεινά
610 1293 788 1377 Θεόδωρον,
808 1284 846 1367 'ig
868 1283 948 1375 πρός
971 1291 1035 1354 τάν
1055 1290 1177 1354 είκονο-

27 1409 28 1414 ’
57 1389 187 1476 ῑθμάχων
205 1393 285 1475 μετά
319 1394 470 1469 πλείστας
490 1393 640 1480 πρότερον
672 1393 727 1459 καί
756 1395 932 1480 διαφόρους
953 1389 1098 1464 κολάσεις
1120 1411 1177 1454 κα-

85 1493 176 1576 θάπερ
214 1494 316 1576 α’μνός
352 1494 432 1559 κατά
465 1499 522 1579 γῆς
555 1495 693 1570 ἐκτεθείς
721 1495 838 1576 άκμαῖς
869 1486 1008 1576 σιδὴρων
1037 1491 1175 1568 ἐστίζετο

85 1592 270 1679 γραφόμενος
293 1590 379 1660 άπαν
401 1593 435 1660 τό
455 1599 638 1682 πρόσωπον,
661 1594 754 1678 ἔμενε
776 1598 811 1660 δὲ
832 1592 890 1678 την
905 1589 1017 1676 φυγὴν
1033 1588 1174 1674 άκλινὴς,

85 1695 134 1768 ἓως
151 1698 194 1772 εἰς
217 1699 345 1781 ἐξοριάν
368 1700 553 1780 α’πενοχθείς
574 1703 616 1784 spi
638 1693 803 1786 α’δεκάστῳ
829 1699 966 1762 δέδωκεν
990 1693 1090 1778 αάτην
1110 1686 1175 1757 άθ-

84 1797 183 1881 λοθέτη
205 1801 281 1885 θεῷ.
325 1798 478 1880 ἐλοιδόρει
503 1801 536 1862 δι
552 1796 668 1864 ἐκεῖνον
688 1794 734 1863 ότι
760 1801 889 1882 βοηθῶν
919 1792 1105 1882 όρθοδόξοις
1126 1800 1241 1877 tir-11

56 1897 147 1974 ἱδβλίο
167 1899 247 1962 κατά
265 1902 335 1966 ,τοῖν
354 1889 572 1982 εἰκονομάχων
594 1900 697 1985 α’φῆκε
719 1901 763 1986 τῷ
785 1897 857 1988 βίῳ,
879 1899 938 1985 τὴν
958 1895 1086 1963 ἐκείνων
1107 1896 1176 1960 τότε

87 1994 274 2082 ἐξελέγχοντα
299 2002 500 2084 δυσσέβειαν,
523 2003 578 2064 νόν
601 2004 636 2066 δέ
657 1998 935 2085 ιη’νΠαλαμικην,
958 2002 992 2063 ἐκ
1014 2001 1092 2082 μιᾶς
1113 1999 1177 2084 α’ρ-

88 2098 213 2173 ξομένων
236 2101 360 2186 α’μφοῖν
381 2101 598 2187 προφάσεως,
621 2105 679 2168 τοῦ
701 2099 734 2166 ἐν
760 2102 919 2189 Θαβωρίιρ
939 2105 1020 2185 λέγω
1040 2101 1086 2188 τῷ
1108 2091 1177 2182 όρει

87 2195 187 2279 φωτός,
209 2197 251 2277 σός
275 2200 483 2286 δειχθήσεται
497 2201 699 2286 -πλατόιερον
724 2199 887 2285 προϊόντος
911 2199 1095 2282 τοῦλόγου.
1123 2203 1179 2264 καί

88 2302 147 2362 ποία
169 2306 305 2384 τοῦτον,
325 2299 484 2386 ἔφασκεν,
505 2297 590 2367 οἶδεν
621 2303 791 2390 ἐκκλησίας
822 2301 878 2366 καί
896 2308 944 2378 τίς
979 2301 1083 2366 oritoni
1100 2302 1177 2365 ποτὲ
1205 2285 1209 2296 ’

63 2396 195 2486 δδμνήμην
219 2405 388 2488 πεποίηται
412 2408 473 2468 τοῖν
495 2403 643 2487 ἦμεροόνς
665 2410 720 2468 καί
740 2401 840 2468 πολλοὶ
864 2405 999 2468 τοιαῦτα
1020 2401 1177 2498 συνείρων(

88 2495 127 2580 τόν
153 2504 215 2566 ταῖν
249 2507 464 2588 βλασφημιῶν
486 2505 633 2589 ἐπήνεγκε
657 2505 835 2590 κορωνίδα,
856 2501 902 2569 ότι
924 2501 1018 2568 πάνθ’
1043 2497 1102 2568 όσα
1123 2487 1178 2583 βι-

85 2599 144 2674 diis
165 2607 362 2690 πεποιῆσθαι
391 2609 514 2688 λέγεται
534 2605 614 2671 κατά
645 2610 707 2672 τεόν
734 2607 950 2690 είκυνομάχων
971 2607 1060 2692 αότιβ
1084 2602 1177 2689 αἱρέ-

85 2721 151 2768 οειον
172 2708 264 2790 γέμει
283 2707 428 2792 μακράν.
449 2711 504 2772 καί
524 2708 556 2772 εἶ
576 2712 636 2790 μὲν
656 2709 761 2794 ἕτεροί
779 2732 859 2784 τινες
876 2708 1092 2792 όποβολιμαῖα
1111 2731 1176 2772 ποι·

172 3007 275 3076 Quibus
295 3011 373 3065 dietis
391 3011 550 3078 inceperunt
560 3013 665 3080 quidam
673 3025 769 3078 parare
783 3010 903 3063 insidias.
942 3018 1086 3066 consuerat
1105 3012 1176 3064 enim

86 3074 278 3135 Caamcuuenus
297 3084 325 3135 in
345 3082 496 3135 huiusmodi
513 3085 594 3136 rebus
613 3085 783 3136 insidiatores
803 3084 937 3134 instruere
964 3090 990 3133 et
1013 3097 1047 3134 ex
1066 3083 1174 3135 occulto

84 3146 261 3206 Telchinorum
283 3157 374 3222 copias
394 3154 560 3222 protrahere,
580 3157 631 3222 ipsi
650 3156 756 3223 quidem
775 3155 876 3206 firmum
897 3153 1052 3217 subsidium,
1074 3154 1174 3206 adver.

85 3223 153 3274 sariis
170 3241 237 3278 vero
258 3234 388 3277 terrorem
407 3240 541 3293 maguum.
579 3243 594 3278 e
622 3225 717 3295 quibus
745 3227 791 3295 qui
818 3227 917 3294 primus
943 3227 1061 3276 surrexit
1083 3234 1110 3277 et
1130 3226 1174 3277 bie

86 3293 180 3357 quidem
200 3313 261 3348 cum
281 3297 395 3364 reliquis
417 3297 538 3349 omuibus
559 3300 673 3350 maxime
702 3298 867 3364 conspiravit
886 3305 912 3347 et
932 3297 1042 3348 candem
1060 3305 1175 3349 mentem

85 3360 168 3417 habuit
189 3375 216 3419 et
235 3368 315 3420 valde
334 3368 456 3420 omnibus
475 3369 590 3421 dilectus
610 3378 676 3433 erat,
695 3370 808 3436 arripuit
827 3383 977 3420 sermonem
996 3368 1029 3420 de
1048 3367 1109 3420 luce
1128 3367 1176 3420 iila

86 3433 108 3484 in
125 3447 212 3490 moute
230 3439 369 3503 Thabore‚
388 3448 415 3491 et
441 3441 611 3492 coutumeliis
630 3441 721 3492 obruit
739 3439 904 3492 Theodorum
931 3441 976 3507 qni
1000 3455 1049 3506 pro
1069 3439 1176 3494 Christo

86 3511 108 3554 ct
124 3509 219 3562 divinis
243 3510 378 3562 ecclesiae
398 3513 548 3579 praeceptis
568 3513 700 3564 cruciatus
721 3528 835 3564 summos
861 3526 1004 3578 perpessus
1031 3519 1104 3575 erat3
1131 3511 1177 3580 qui

85 3573 112 3625 th
131 3579 314 3634 iconomachis
334 3583 404 3632 inter
425 3582 539 3650 plurima
561 3592 587 3635 et
608 3585 683 3637 varia
702 3584 815 3638 uerbera
835 3581 912 3634 velut
930 3597 1014 3650 agnus
1034 3581 1107 3634 humi
1127 3599 1176 3635 ex.

85 3652 168 3702 tensus
191 3654 292 3706 acubus
312 3653 407 3705 ferreis
427 3662 541 3720 punctus
570 3665 629 3707 erat
657 3663 684 3705 et
702 3654 837 3707 laeeratus
855 3661 937 3704 totam
956 3654 1069 3720 iaciem3
1088 3663 1176 3706 tamen

85 3719 188 3774 animam
205 3741 260 3776 uon
280 3725 417 3778 abiecerat
436 3726 522 3776 donec
542 3726 605 3778 exul
623 3726 705 3778 iudici
725 3727 880 3790 incorrupto
900 3725 951 3776 deo
975 3739 1031 3776 eam
1050 3726 1177 3778 tradidis-

85 3798 129 3841 set.
165 3796 334 3848 coutumeliis
354 3803 441 3847 autern
462 3812 520 3847 cum
548 3797 638 3848 affecit
661 3797 731 3864 quod
750 3796 868 3848 bdelium
893 3795 983 3847 socius
1001 3798 1101 3863 scripta
1118 3797 1177 3848 edi-

85 3857 152 3913 derat
170 3867 266 3934 quibus
286 3867 520 3919 iconomachorum
539 3868 661 3934 impietas
672 3866 922 3935 deprehendebatur
933 3875 996 3918 tunc
1015 3883 1081 3919 vero
1098 3869 1177 3920 etium

87 3927 266 3989 Palamitarum
288 3939 333 4007 qui
355 3939 444 3990 eadem
471 3939 608 4004 impietate
627 3939 758 3990 submersi
779 3946 863 3990 eraut.
901 3939 961 3990 dico
983 3939 1052 3990 enim
1071 3953 1177 3992 sermo-

86 4014 140 4054 nem
157 4008 190 4059 de
209 4009 272 4060 luce
292 4011 320 4062 in
339 4018 430 4060 moute
449 4008 572 4074 Tbabori‚
593 4026 670 4077 quam
689 4010 759 4062 inira
779 4024 943 4076 exponemus
955 4008 1070 4077 planius.
1108 4024 1177 4079 quae

86 4084 146 4154 vero
163 4079 251 4146 inquit
270 4081 319 4132 ille
338 4081 456 4132 ecclesia
475 4081 546 4132 bunc
565 4082 694 4146 ognovit3
713 4083 771 4149 quis
793 4081 945 4132 memoriam
965 4082 1023 4134 eius
1042 4083 1178 4134 observa..

86 4143 140 4196 tut?
176 4150 216 4202 his
235 4153 344 4218 insuper
364 4152 417 4204 alia
436 4152 518 4205 multa
537 4153 636 4205 addidit
664 4161 691 4204 et
716 4151 936 4204 contumeliarum
962 4153 1065 4205 turbam
1085 4153 1176 4204 effecit

88 4227 161 4282 quum
178 4219 260 4276 libros
280 4230 411 4294 quotquot
428 4226 534 4276 omnino
555 4224 700 4291 conscripti
715 4225 849 4277 terrentur
868 4232 962 4278 contra
983 4223 1173 4277 iconomachos
