2992 4916
171 361 392 432 nrsronmn
419 359 678 430 osmannae
695 364 849 430 xxxvia
868 345 1053 432 t't-to.
1129 355 1201 430 tat

107 551 166 594 στα
186 523 223 592 τό
255 529 310 611 τῆς
330 528 550 609 Μασαλιανῆς
583 523 737 610 αἱρέσεως
767 525 925 611 μυσαρόν.
982 527 1050 592 ἀλλ’
1084 528 1266 605 έκεῖνοςιο

82 629 166 712 ’μέν
196 631 314 694 τοιαῦτ’
343 626 476 711 είρηκιός
498 650 531 691 τε
559 625 626 710 ἅμα
662 626 718 691 καί
746 625 919 710 πεπραχώς
941 628 1052 714 πόρρω
1072 629 1202 704 κανόνος

107 730 163 794 καί
184 731 283 812 νόμου
304 729 429 805 παντός,
453 727 594 808 δέδειχεν
624 726 735 809 ἔνοχον
757 721 871 792 ἑαυτόν
899 728 1005 814 ἀληθῆ
1026 733 1072 817 τῷ
1091 729 1201 814 έγιιλὴ-

106 855 195 915 ματι.
250 833 341 898 τοῦιο
369 828 431 916 γὰρ
454 830 508 894 καί
537 835 604 906 τοῖς
625 829 810 904 ἐπισκόποις
847 830 1006 895 ἀκουσθέν
1035 831 1094 897 καί
1115 829 1203 916 arioni

82 935 242 1015 δβασιλεῖ
263 932 413 997 δέδοκταί
429 955 463 995 τε
482 930 537 996 καί
560 928 794 1016 ἀποπέφανται.
826 928 897 996 δέον
918 929 979 1018 γάρ
1003 927 1097 998 αὐτόν
1117 935 1201 1016 δαρ-

109 1042 178 1119 ρεῖν
211 1036 265 1100 καί
301 1039 356 1120 τῆς
391 1034 479 1116 δίκης
500 1031 578 1096 eddi
598 1039 719 1118 χωρεῖν
753 1032 808 1097 καί
833 1034 934 1117 ζητεῖν
962 1031 1035 1108 τούς
1055 1031 1205 1118 ἐλέγχους

109 1136 166 1200 καί
188 1133 231 1211 ὦς
245 1139 378 1216 ψευδεῖς
391 1133 447 1210 τὰς
471 1136 663 1220 κατηγορίας
684 1133 832 1219 ἐλέγχειν,
856 1132 943 1220 εἴπερ
960 1135 1047 1222 oriani
1066 1157 1101 1218 γε
1122 1135 1204 1218 ἐνῆν,

108 1233 127 1300 d
152 1238 182 1300 δ’
206 1237 357 1321 ἐμφανῶς
381 1235 601 1321 φυγοδικὴσας
615 1237 669 1302 ἐπί
689 1233 745 1311 τὰς
762 1235 899 1311 ἀτόπους
918 1240 1076 1322 κατέφυγε
1098 1235 1204 1298 λοιδο-

109 1339 193 1420 ρίας,
217 1333 325 1421 ὥσπερ
349 1334 468 1412 εἰώθει,
491 1338 547 1400 καί
565 1335 637 1412 τούς
658 1335 750 1401 οὐδὲν
767 1335 853 1421 αάτηῖ
874 1338 1097 1412 συντελοῦντας
1122 1333 1334 1421 deo-tuot·-

66 1433 247 1520 1ορισμούς
269 1433 312 1514 οἷς
332 1440 389 1521 τῆς
409 1431 583 1522 ἐνεστώσης
606 1436 759 1522 αἰσχόνης
779 1436 995 1521 προκάλυμμα
1026 1437 1082 1504 καί
1103 1436 1205 1520 πρόσ-

108 1559 225 1621 καιρον
247 1534 417 1623 ἀποφυγὴν
437 1540 493 1620 τῆς
518 1533 662 1623 ἀνόγκηξ.
718 1529 772 1603 ἐπὶ
805 1535 843 1622 δὴ
873 1537 995 1613 τοότοις
1018 1531 1207 1622 δεδογμένον
1295 1599 1303 1611 x

108 1641 208 1715 ἐνίοις
227 1643 289 1704 τῶν
307 1638 488 1703 ἐπισκόπων
500 1640 643 1725 ..κατέστη
665 1648 735 1717 ταῖς
750 1641 870 1715 ἀδίκοις
888 1640 1008 1706 ἐκείιιευ
1030 1638 1206 1724 λοιδορίαις

110 1741 168 1804 καί
192 1747 258 1816 τοῖς
280 1740 473 1826 ἀφορισμοῖς
496 1741 639 1818 δικαίους
664 1741 846 1817 ἀντιθεῖναι,
872 1740 927 1805 καί
947 1739 1137 1826 καθαιρέσει
1155 1759 1206 1802 τε-

112 1842 184 1929 λείᾳ
205 1839 427 1926 παραπέμψαι
456 1836 510 1903 τόν
545 1837 681 1923 ἄσεμνον
704 1843 821 1906 ἐκεῖνον
848 1842 903 1907 καί
923 1844 964 1928 τῇ
987 1839 1133 1930 ἀσελγείᾳ
1153 1841 1227 1922 τῆς,

67 1951 98 2006 15
109 1942 249 2027 ’γλιόττης
273 1924 324 2006 ἀεί
345 1942 657 2026 ἐγκαλλωπιζόμενον
673 1947 795 2026 μᾶλλον
816 1938 836 2026 ἢ
859 1936 1098 2025 αἰσχυνόμενον.
1142 1937 1208 2003 ἀλλ’

110 2041 161 2110 ὅτι
183 2042 228 2127 μὴ
250 2044 306 2107 καί
323 2046 455 2124 βασιλεῖ
484 2044 672 2127 δεδογμένον
699 2047 780 2108 τοῦτ)
809 2039 848 2127 ἦν
868 2042 1056 2126 ματαιότητι
1076 2042 1132 2106 καί
1152 2058 1208 2123 νη-

110 2144 227 2209 πιιόδει
246 2143 354 2232 μωρίη
375 2142 431 2227 την
453 2140 525 2227 ἴσην
558 2142 717 2208 ἀντίδοσιν
748 2145 837 2229 δρᾶν,
869 2145 903 2207 έν
924 2142 1071 2227 μετεώρῳ
1093 2137 1134 2204 τὰ
1153 2140 1209 2222 τῆς

112 2245 204 2329 δίκης
227 2227 444 2328 ἀποκέκριται]
461 2243 560 2327 μέχρι
582 2247 731 2330 τῆςζτιόν
764 2243 1006 2328 προκληθέντων
1028 2239 1209 2306 ἐπισκόπων

112 2345 277 2428 ε’νδημίας.
302 2341 319 2407 ό
331 2365 366 2426 γε
388 2342 451 2427 μὴν
474 2344 676 2428 πατριάρχης
695 2342 824 2420 τόςτῶν
839 2343 994 2408 πλείστων
1019 2339 1208 2425 δυσφήμους
1219 2351 1275 2402 10

63 2445 346 2528 κθαῖσχονόμενος
370 2443 489 2523 ἀκοάς,
521 2443 603 2510 οἴκοι
623 2444 657 2510 τό
680 2446 834 2530 παράπαν
858 2442 1008 2530 ἀπρόιτος
1029 2440 1132 2524 ἔμεινε
1153 2440 1209 2502 τοῦ

110 2547 247 2623 λοιποῦ,
285 2544 430 2621 ἀπειλαῖς
465 2546 691 2631 παραπέμπων
721 2544 760 2610 tri
790 2547 945 2629 μέλλοντα
972 2541 1123 2608 πλείοσιν.
1167 2541 1209 2604 ἐπ’)

109 2645 175 2733 γὰρ
198 2646 299 2729 λέγειν
321 2643 437 2730 όσιιτῇ
459 2645 597 2730 δυσηνίιρ
620 2640 736 2710 ἑαυτοῦ
755 2645 874 2732 γλοόττη
897 2642 1136 2730 παραδεδωκὼς
1154 2639 1210 2725 τὴν

113 2745 260 2811 διάνοιαν
295 2745 484 2830 ἔξηρεόξατό
510 2768 544 2809 τε
571 2746 627 2811 καί
665 2746 887 2832 λελοιδόρηκεν
919 2742 1052 2828 ἄσεμνα.
1103 2741 1211 2828 γέγονε

113 3053 207 3106 xisset'
228 3056 256 3101 et
283 3048 417 3101 effecisset
436 3055 529 3102 eontra
559 3063 689 3102 canonum
715 3056 741 3101 et
766 3048 856 3118 legum
885 3048 1000 3100 omnium
1018 3047 1213 3113 auctoritatem,

114 3125 176 3190 ipse
201 3136 298 3173 revera
323 3136 352 3172 se
377 3120 495 3172 criminis
521 3121 630 3172 noxium
656 3121 822 3172 monstravit.
873 3121 954 3188 iddne
981 3119 1115 3187 episcopis
1134 3119 1213 3170 etiam
1299 3155 1319 3182 ,

116 3208 197 3262 quum
216 3192 354 3243 audissent
376 3192 471 3258 stipsi
489 3193 550 3259 regi
571 3193 607 3242 ita
628 3192 769 3246 manifesto
789 3191 874 3243 visum
894 3199 952 3255 est,
970 3191 1133 3244 necessitate
1153 3205 1213 3241 enm

116 3271 238 3318 coactum
258 3262 377 3314 fiduciam
398 3258 448 3313 sibi
467 3277 573 3314 sumere
595 3270 622 3312 et
639 3263 764 3313 iudicium
780 3261 854 3314 velle
874 3263 992 3328 effugere
1012 3269 1039 3314 et
1058 3261 1212 3328 excogitare

115 3333 270 3403 opprobria,
291 3341 318 3385 et
327 3334 461 3401 quomodo
473 3332 541 3385 falsa
552 3331 603 3384 sibi
622 3334 732 3385 crimina
745 3333 813 3384 iacta
834 3349 893 3386 esse
904 3347 1053 3401 coarguere
1064 3340 1164 3398 posset,
1186 3340 1213 3384 et

114 3410 155 3460 sio
173 3405 316 3456 manifesto
332 3419 390 3454 enm
402 3412 430 3455 ut
440 3405 565 3456 iudicium
579 3405 739 3457 detrectaret
750 3406 782 3457 ad
792 3405 918 3457 absurdas
936 3405 1047 3456 iniurias
1066 3403 1213 3470 coningere

116 3486 143 3532 et
157 3469 189 3528 ud
204 3491 278 3527 cassa
295 3483 322 3526 et
335 3491 403 3527 vana
418 3475 560 3526 schismata
578 3490 646 3543 quae
657 3491 745 3527 noune
756 3477 839 3543 ipsius
852 3476 1015 3544 ignominiae
1027 3483 1150 3543 tanquam
1162 3489 1214 3526 ve.

113 3547 207 3601 lamini
222 3553 321 3609 essent,
340 3554 367 3597 et
381 3547 476 3615 quibus
487 3555 661 3615 opportunam
674 3547 785 3600 haberet
799 3547 886 3614 iugem
895 3548 1076 3600 necessitatis.
1095 3560 1214 3613 quapro-

113 3629 175 3689 pter
184 3616 322 3669 nonnuliis
335 3619 468 3684 episcopis
486 3617 571 3668 visum
585 3625 634 3681 est,
649 3619 754 3670 iniustis
772 3620 829 3670 eins
841 3607 992 3685 opprobriis
1004 3627 1031 3670 et
1042 3616 1213 3669 cirismatibus

113 3693 183 3743 iustu
195 3702 332 3755 opponere
346 3703 459 3755 eumque
470 3689 569 3755 quippe
579 3695 630 3739 tam
644 3687 790 3755 improbum
804 3697 831 3738 et
843 3690 993 3740 temeritate
1005 3688 1113 3756 linguae
1125 3687 1213 3738 conti.

113 3776 169 3814 nuo
183 3769 263 3826 supra
274 3774 378 3810 omnem
390 3759 517 3826 pudorem
529 3757 737 3824 superbientem,
748 3775 780 3809 ex
791 3761 855 3810 sede
864 3774 912 3812 sua
930 3767 985 3809 tota
998 3757 1146 3825 depellere.
1166 3759 1213 3810 sed

115 3847 194 3901 quum
215 3846 268 3881 non
287 3830 346 3897 regi
366 3831 451 3881 visum
471 3836 561 3896 esset,
581 3830 658 3881 vanis
678 3828 799 3880 consiliis
829 3837 856 3880 et
875 3828 973 3895 puerili
994 3830 1144 3882 dementiae
1163 3844 1214 3896 pa.

113 3919 170 3957 rem
193 3901 337 3952 antidotum
356 3915 503 3967 opponere,
522 3896 648 3951 iudicium
667 3915 823 3966 suspensum
841 3899 999 3952 diiotubatnr
1018 3901 1104 3952 donec
1125 3901 1213 3953 vocati

114 3973 235 4041 episcopi
260 3972 459 4023 convenissent.
505 3971 656 4036 patriarcha
685 3972 767 4039 igitur
793 3986 872 4039 quum
900 3978 952 4022 tam
982 3971 1124 4025 multorum
1154 3987 1213 4022 eum

112 4042 315 4098 maledictorum
330 4043 451 4108 puderet,
472 4036 542 4092 domi
561 4057 591 4093 se
606 4043 738 4093 continuit
756 4057 805 4109 per
823 4041 956 4109 reliquum
969 4048 1084 4110 tempus,
1106 4042 1213 4093 omnino

111 4113 257 4184 negligens
285 4109 445 4164 minationes
469 4127 567 4179 easque
586 4109 742 4179 repellens;
769 4114 845 4164 mitto
865 4114 934 4164 enim
956 4114 1063 4178 dicere,
1082 4112 1213 4181 quomodo
1271 4109 1273 4113 ’

113 4189 136 4239 is
155 4191 270 4236 mentem
290 4199 362 4236 suam
381 4181 524 4234 indomitae
540 4181 649 4250 linguae
667 4185 834 4236 concesserit
853 4192 879 4236 et
897 4184 950 4236 Ιιοο
965 4185 1043 4237 modo
1062 4183 1213 4250 turpissima
1296 4183 1302 4192 '

114 4254 278 4311 eructaverit
304 4261 330 4308 'et
354 4251 495 4308 maledicta
522 4253 681 4324 profuderit.
719 4262 778 4308 orta
796 4262 883 4322 autom
903 4263 944 4308 est
963 4255 1072 4312 consilii
1088 4253 1211 4327 ρειιοείιι,
