2992 4918
327 1400 329 1411 ’
435 1413 911 1517 ru'uuuuuro.

572 1639 772 1653 *¹-

214 1801 331 1910 Quoe
364 1843 459 1895 nuuc
483 1817 635 1920 'primum
675 1845 723 1896 ex
751 1814 1040 1898 bibliothecarum
1074 1822 1221 1902 latebris
1322 1851 1339 1868 ·
1389 1856 1392 1866 ·

121 1982 245 2080 prodit,
261 1977 397 2080 'operis
411 1977 626 2078 Nicephorei
643 2004 725 2079 pars
748 1992 922 2080 postremo
947 1985 1032 2059 sutis
1058 1982 1118 2058 diu
1142 2005 1222 2057 mo-

9 2159 11 2180 *
120 2164 197 2216 rum
223 2143 405 2241 quaesivit
429 2140 721 2240 liberalemque
747 2142 789 2215 uh
814 2141 994 2226 oblivione
1014 2141 1223 2217 vindicare-

121 2311 185 2377 tur.
236 2301 451 2399 promiserat
467 2293 553 2372 'eom
577 2321 713 2374 monum
739 2301 924 2393 boiviuus,
948 2301 1111 2398 porrexit
1134 2323 1223 2374 oco-

9 2529 10 2536 ,
122 2461 232 2536 oemio
259 2453 505 2558 Bc'roliueusis
519 2514 531 2555 ,
557 2463 655 2536 cuius
681 2482 764 2534 curo
790 2469 994 2558 sumptuque
1018 2458 1146 2535 iactum
1171 2471 1226 2536 est
1332 2467 1333 2470 ‘
1435 2461 1437 2465 ’

123 2631 158 2695 ut
186 2619 274 2696 libri
302 2618 384 2714 duo,
406 2621 567 2696 vicesimi
599 2621 744 2716 quintus
772 2629 808 2694 ct
838 2629 959 2695 sextus
994 2641 1071 2692 cum
1102 2627 1225 2714 quarto

116 2777 325 2871 -dimidioto,
348 2798 397 2850 ex
421 2775 544 2850 codice
569 2774 741 2851 Vaticano
770 2777 908 2868 (1095)
932 2777 1229 2868 describerentur,

124 2936 256 3034 reliqui
283 2957 332 3008 cx
356 2933 616 3018 Porisieusibus
641 2933 767 3028 Regiis
802 2934 921 3023 (1276
946 2944 982 3008 et
1007 2936 1146 3028 3075),
1171 2934 1226 3008 illi

23 3195 26 3204 Δ
125 3092 165 3166 ob
190 3093 352 3173 Heurico
377 3091 545 3226 Brurpuo,
571 3091 608 3167 hi
634 3115 654 3164 o
679 3089 889 3167 Wladimiro
915 3092 1088 3188 Bruoeto,
1115 3090 1226 3172 doctis

126 3249 386 3328 hominibusoc
410 3254 590 3347 negotium
616 3273 714 3328 suum
746 3251 895 3325 fideliter
921 3251 1108 3326 exsecutis.
1160 3271 1228 3324 co-

130 3411 198 3485 hex
211 3409 404 3486 Vaticanus
423 3408 627 3488 chartaceus
654 3433 733 3487 csse
746 3409 960 3508 perhibetur,
985 3385 1107 3484 seculo
1134 3409 1230 3484 scri-

130 3577 208 3664 ptus
244 3568 378 3676 decimo
424 3578 547 3665 quarto
589 3570 651 3645 vel
687 3572 828 3667 quinto,
862 3568 1020 3646 monibus
1059 3566 1229 3665 pluribus,

130 3723 234 3798 modo
273 3724 460 3820 diligenter
489 3727 593 3801 modo
632 3750 745 3804 secus.
805 3728 850 3801 de
883 3725 1075 3802 Porisieusi
1109 3725 1228 3822 priore

133 3886 336 3987 scitumtest
358 3885 451 3982 quod
475 3857 581 3962 trudit
605 3886 791 3962 Brunotus.
901 3963 905 3970 ,

156 4104 159 4106 q
272 4020 330 4085 bes
359 4019 453 4086 livres
482 4019 668 4103 historiques
700 4025 741 4088 28
763 4031 794 4087 et
821 4005 865 4089 99
885 4028 917 4086 et
947 4024 995 4086 les
1017 4022 1229 4108 dogmruques

236 4123 264 4204 1,
284 4121 384 4188 betti
405 4129 475 4186 sont
493 4122 582 4188 d’uno
605 4124 737 4188 coribrre
757 4123 873 4208 rapide,
897 4130 1049 4204 correcte,
1072 4126 1148 4190 mais
1168 4145 1230 4209 peu

146 4249 152 4256 ·
233 4222 387 4306 rogulibre
411 4230 445 4287 et·
462 4233 592 4288 souverrt
613 4224 737 4289 difficile
756 4227 774 4288 h
794 4225 863 4290 lire.
909 4225 951 4309 Co
971 4229 1053 4289 n’est
1074 4228 1229 4291 certoine-

235 4331 318 4418 mept
343 4343 398 4408 pes
430 4326 587 4394 l’bcritruc
616 4325 687 4394 d’uu
709 4326 895 4414 ootbgmphe
927 4321 970 4396 dc·
984 4325 1174 4414 profession,
1197 4331 1230 4396 et
1279 4307 1283 4312 ”
