2992 4916
290 305 364 392 tto
444 311 450 318 ’
521 351 524 358 -
559 315 561 322 ’
591 316 814 388 armonem
843 317 1089 386 cumeum

288 484 352 548 τόν
374 484 464 547 dcciv
483 479 643 604 βασιλέοιν
667 479 830 564 εὐμένειαν
853 479 984 564 δεήσεσί
999 503 1034 544 τε
1063 479 1119 550 και
1140 477 1276 564 δόοιροσι
1296 477 1381 542 πλεί-

289 681 361 759 τούς
380 683 572 766 βασιλέας
558 681 747 768 επικοορίαν
767 681 926 758 θωπείαις
948 682 1099 774 γε’ξιονεῖτο
1129 681 1185 745 καί
1210 677 1384 746 ἀντιδόσεσι
1479 681 1480 774 η

291 779 559 868 πολοτρόποις,“
534 809 578 860 ως
600 777 683 848 εἶναι
700 783 757 849 τοῦ
779 785 892 846 λοιποῦ
910 781 992 868 πρὸς
1012 779 1068 859 τοὶς
1090 779 1261 864 βασιλικός
1284 780 1383 844 καθό-
1479 775 1480 852 6

291 909 337 948 πα
338 885 546 968 ξβοολήσεις
568 883 662 950 αότόν
685 882 722 949 ού
745 884 828 948 πάνυ
845 883 984 968 σκληρὸν
1004 909 1058 948 και
1052 882 1217 968 θρασύν,
1240 879 1352 946 οὐδ”
1333 904 1384 944 αν
1391 891 1406 944 d

280 985 422 1050 πίτυπον
443 981 488 1060 ὥς
507 981 542 1050 τό
564 986 719 1071 πρότερον
741 981 855 1070 ἄλογόν
874 973 979 1048 τεκαὶ
1001 982 1255 1069 ἀπροφάσιστον.

227 1093 281 1147 n
388 1082 466 1170 Ἐγώ
489 1086 524 1150 δὲ
546 1087 651 1172 μυρια
664 1110 717 1151 και
712 1085 841 1168 μείζω
861 1087 924 1150 ταῖν
938 1081 1318 1170 ειρημένοινδιεξιέναι”
1298 1105 1385 1163 εχιον,

295 1183 316 1252 ἃ
337 1190 393 1272 τῆς
414 1188 507 1280 σηκόν
531 1187 663 1263 οἷτοπίας
684 1185 814 1271 ἔλεγχον
835 1185 904 1266 ἔχει
922 1188 1022 1272 σαφῆ,
1043 1179 1123 1251 ἑκών
1138 1185 1284 1271 παρίημι
1303 1187 1386 1248 δυοῖν

292 1294 402 1365 ἓνεκα,
425 1283 495 1363 ἑνός
516 1289 575 1370 μὲν
593 1285 641 1353 ότι
658 1295 729 1364 ταῖς
749 1287 909 1362 τοιαύταις
938 1288 1148 1372 ἐνδιατρίβειν
1170 1292 1295 1371 κηλῖσιν
1321 1287 1385 1348 ἐθι-

294 1388 375 1475 σμόν
395 1392 436 1476 τῇ
457 1387 575 1475 γλώττῃ
599 1389 827 1474 προστρίβεται
840 1387 940 1472 ἥκιστ’
967 1387 1119 1473 ἀνδράσιν
1137 1388 1290 1458 ἐπιεικέσι
1311 1411 1385 1472 προ-
1395 1396 1421 1448 1⁰

294 1493 439 1577 σὴκονια,
461 1483 570 1615 ἑτέρου
595 1493 623 1553 δ’
645 1487 712 1567 ότι,
737 1485 757 1551 6
785 1496 851 1564 τοῖς
873 1494 1001 1564 πολλοῖς
1030 1491 1064 1550 ἐκ
1087 1492 1205 1552 πολλοῦ
1227 1487 1385 1573 πρόκειται

294 1591 450 1719 γνώριμα,
472 1591 590 1656 τούτων
609 1592 785 1675 πειρᾶσθαι
809 1586 867 1672 την
885 1591 1002 1673 γνῶσιν
1030 1595 1095 1664 τοῖς
1108 1588 1218 1654 εἰδόσι
1239 1585 1385 1711 ηαρέχειν

298 1694 415 1815 οἷρτίοος
437 1690 527 1777 παρὰ
547 1694 695 1756 τοσοῦτον
716 1691 773 1754 τοῦ
792 1688 920 1774 τέρπειν
942 1689 1118 1813 όιρίσταται
1140 1696 1215 1775 παρ’
1241 1685 1314 1754 όσον
1335 1685 1384 1749 καί
1479 1725 1480 1788 l

295 1793 331 1859 τό
356 1791 563 1858 πιστεύεσθαι
584 1791 757 1878 πρόχειρον
780 1791 857 1872 ἔχει.
901 1789 921 1854 ἃ
942 1789 1004 1876 γὰρ
1028 1791 1239 1915 ηαρύνταρ
1197 1805 1239 1874 πρ
1243 1797 1313 1853 οῖκα
1336 1812 1383 1850 και

296 1893 402 1959 πόνων
431 1895 507 1976 δίχα
536 1890 591 1977 τὴν
624 1895 739 1976 γνῶσιν
770 1894 963 1978 παρέχεται,
985 1892 1106 1968 τούτοις
1127 1891 1282 1971 ἐπιπολόζ
1264 1894 1328 1971 ζειν
1346 1884 1417 1962 cicli

294 1993 335 2060 τὰ
368 1991 469 2069 πολλὰ
493 1992 671 2078 παρέπεται
700 1997 756 2060 και
781 1994 915 2078 τόηδές,
952 2016 978 2056 ει
999 2018 1047 2069 τις
1077 1991 1209 2057 κατόπιν
1231 1990 1384 2054 διδάσκειν

232 2103 286 2156 ⁸⁴
298 2097 447 2183 πειρρῖτο.
472 2093 493 2158 6
515 2099 544 2162 δ’
568 2094 654 2184 όριαις
668 2097 895 2179 βωμολοχοῦσι
908 2095 963 2158 καί
983 2093 1065 2158 κατὰ
1082 2095 1145 2158 τῶν
1167 2093 1253 2176 {pne
1273 2093 1384 2174 βίβλων

266 2195 530 2284 ιύφαιρούμενοι
550 2195 666 2286 λόδρρ,
688 2197 746 2272 τίς
760 2191 797 2261 όν
820 2195 875 2260 καί
899 2192 979 2259 αύτό
1002 2193 1150 2272 διεξιέναι
1174 2197 1251 2258 καθ’
1274 2192 1383 2255 ἕκαστα

301 2299 444 2377 δόνακος
464 2299 520 2362 καὶ
543 2295 643 2363 ταῦτα
666 2300 785 2382 δρῶσιν
816 2295 922 2372 αύτοῖς
942 2295 997 2360 καί
1024 2292 1080 2382 ὑφ’
1112 2293 1203 2380 ἡμῶν
1226 2287 1383 2378 έλεγχομὲ-
1479 2377 1480 2386 ¹

300 2423 367 2474 νοις
390 2398 440 2462 όεί
463 2398 561 2474 αἰδοός
580 2424 628 2475 τις
650 2397 705 2462 οόκ
726 2397 868 2475 ἔπεισιν,
898 2397 966 2460 ἀλλ’
999 2395 1092 2483 ύβρις
1120 2394 1214 2482 ύβριν
1235 2394 1317 2459 ἔτεκε
1336 2389 1420 2460 καίεο
1479 2461 1480 2466 ¹

302 2500 434 2582 ἀσέβεια
451 2499 681 2585 χαλεπωτέραν
703 2498 862 2582 ἀσέβειαν.
892 2495 1229 2582 “οἷπηναισχόντησας”
1247 2497 1306 2580 ηόρ
1329 2517 1385 2580 ρη-

240 2621 241 2624 ’
301 2623 353 2665 σιν
374 2596 394 2683 ἦ
416 2599 529 2686 γραφη
545 2606 612 2675 τοῖς
630 2599 799 2676 τοιούτοις·
841 2594 938 2682 “όψις
961 2597 1079 2684 πόρνης
1101 2597 1219 2682 ἐγένετό
1240 2594 1316 2660 σοι.”
1344 2593 1385 2657 τί-
1479 2581 1480 2628 l

1479 2543 1480 2568 6

1479 2745 1480 2770 6

1479 2773 1480 2802 6

302 2934 367 2980 tunc
386 2926 534 2995 episcopali
552 2927 680 2996 dignitate
701 2942 760 2978 eum
782 2886 964 2994 expulissent,
989 2926 1041 2979 nisi
1061 2924 1197 2978 anxietate
1215 2931 1241 2976 et
1258 2890 1389 2976 timiditate

302 2998 385 3052 nimia
404 2999 573 3066 perturbatus
593 3000 732 3068 utriusque
750 3000 824 3066 regis
842 2997 892 3050 ille
911 2998 1127 3050 benevolentiam
1144 2996 1269 3064 precibus
1290 3003 1316 3047 et
1333 2994 1390 3061 plu-

303 3070 378 3123 rimis
399 3069 517 3122 lacrimis
536 3070 587 3122 sibi
608 3078 790 3136 comparasset
814 3078 841 3121 et
866 3085 957 3121 eorum
977 3070 1022 3138 qui
1040 3070 1108 3136 apud
1127 3083 1207 3136 reges
1227 3074 1301 3119 erant
1318 3066 1391 3118 auri-

304 3141 369 3195 lium
389 3143 471 3194 multa
491 3141 646 3194 adulatione
666 3151 692 3193 et
708 3142 924 3193 remuneratione
942 3142 1108 3192 redemisset.
1145 3141 1257 3207 itaque
1254 3139 1347 3189 lactum
1366 3143 1391 3188 ut

305 3228 354 3280 pro
383 3229 475 3282 regum
502 3213 644 3272 voluntate
673 3228 727 3264 non
757 3212 869 3280 amplius
888 3221 917 3264 ut
946 3211 1076 3264 scelestus
1096 3219 1122 3264 et
1144 3210 1300 3262 temerarius
1320 3209 1391 3260 bomo

305 3284 449 3337 haberetur
473 3301 561 3354 neque
597 3293 626 3336 nt
656 3283 804 3352 exemplum
829 3283 909 3352 quale
927 3291 1005 3336 antea
1027 3291 1083 3335 erat
1107 3283 1257 3336 dementiae
1277 3289 1303 3332 et
1323 3279 1391 3330 euius

303 3354 380 3407 nulla
400 3364 440 3408 est
459 3357 605 3408 excusatio.

405 3451 463 3518 Ego
491 3465 557 3502 vero
587 3466 742 3520 quamquam
769 3453 906 3503 innumera
923 3450 975 3502 alie
1001 3459 1027 3503 et
1045 3467 1123 3517 supra
1141 3451 1255 3502 ιιιιτολίι
1274 3449 1393 3518 graviora

308 3534 461 3589 proponere
480 3535 602 3589 possum,
628 3538 696 3590 quae
715 3524 825 3576 evidens
843 3523 1013 3589 turpitudinis
1040 3524 1098 3574 eius
1114 3523 1240 3573 indicium
1261 3519 1393 3588 praebent,

307 3609 378 3645 nunc
398 3592 464 3644 haec
486 3593 556 3644 ultro
575 3595 781 3661 praetermittam
801 3611 834 3645 ex
855 3595 955 3646 duabus
975 3595 1071 3659 causis,
1091 3609 1170 3661 quum
1193 3593 1263 3661 quod
1283 3605 1394 3643 commo-

306 3666 375 3716 ratio
394 3666 422 3716 in
443 3665 592 3716 huiusmodi
620 3665 848 3717 criminationibus
875 3665 983 3734 linguae
1012 3665 1230 3717 consuetudinem
1251 3664 1315 3714 lacit
1332 3675 1395 3730 qnae

307 3735 406 3802 probos
434 3738 508 3789 viros
534 3738 642 3788 minime
666 3738 758 3801 decet,
784 3743 836 3787 tum
867 3751 932 3788 vero
958 3737 1028 3804 qued
1047 3736 1167 3804 plurimis
1195 3737 1247 3786 iem
1267 3735 1395 3802 longaex

308 3815 429 3874 tempore
447 3825 490 3860 res
510 3815 590 3859 uotae
611 3817 681 3871 sunt,
701 3824 765 3876 quas
784 3810 807 3859 si
826 3823 916 3861 rursus
934 3807 1079 3860 scientibus
1097 3809 1124 3858 in
1144 3808 1299 3858 memoriam
1317 3819 1395 3858 rern-

309 3892 397 3929 carem
416 3886 515 3931 tantum
540 3895 555 3930 a
575 3879 755 3934 delectatione
774 3879 893 3930 abessem
915 3883 1045 3947 'quantum
1070 3887 1099 3930 ut
1118 3879 1184 3930 tides
1203 3878 1331 3929 habeatur
1349 3891 1395 3927 ne-

309 3964 386 4000 cesse
407 3950 445 4002 bt.
493 3965 561 4019 quae
588 3951 655 4002 enim
674 3953 814 4002 manifesta
842 3951 913 4002 ultro
941 3959 968 4002 et
994 3952 1052 4002 sine
1077 3950 1164 4001 studio
1195 3949 1396 4016 intelligentiam

309 4020 455 4088 praebent,
485 4023 513 4073 in¹
532 4022 572 4073 bis
592 4029 763 4087 versantem,
795 4029 823 4072 ut
842 4023 880 4086 lit,
900 4023 1022 4090 sequitur
1040 4021 1169 4085 taedium,
1192 4021 1396 4087 quandoquidem

309 4099 404 4159 postea
424 4093 523 4144 docere
547 4095 710 4162 aggreditur.
757 4107 826 4161 quae
855 4099 942 4144 tarneri
969 4093 1143 4144 nihilominus
1164 4091 1397 4146 calumniaotnret

309 4164 470 4232 quomodo'
455 4179 490 4215 nn
507 4165 615 4218 occulto
634 4166 733 4231 scripta
750 4179 809 4216 mea
828 4172 952 4232 carpant,
972 4166 1031 4232 quia
1057 4179 1089 4214 ea
1105 4163 1260 4230 singulatim
1280 4158 1398 4229 persequi

309 4234 416 4306 possiti
453 4243 481 4288 et
499 4236 565 4290 haee
586 4237 646 4290 dum
664 4243 755 4305 agunt,
775 4251 930 4306 quamquam
949 4251 965 4287 a
983 4235 1061 4290 nobis
1073 4250 1178 4304 semper
1197 4235 1398 4292 convincuntur,
