2910 4896
109 336 114 342 ”
197 366 414 438 ιιιετοιαιε
440 361 819 438 ετιεεειεεεκιε;
834 348 1022 436 κθ-νὸ.
1088 359 1161 448 aot

89 530 189 617 όρλαόίγ
208 531 264 618 τόν
287 531 380 599 θείαν
399 534 521 616 ἐκείνην
541 529 595 598 καί
614 533 778 617 μακαρίαν
809 531 933 616 occino,
955 532 1011 600 καί
1027 525 1072 616 μὴ
1095 531 1163 596 κατ’

86 632 225 714 Εόνόμιον
247 638 364 699 ἐκεῖνον
384 630 438 700 τόν
455 635 606 720 δυσσεβῆ,
627 633 663 701 τό
687 641 742 719 τῆς
765 635 948 721 α’γεννησίας
968 627 1069 716 ὄνομα
1088 629 1163 697 θεό.

84 759 160 818 τριος
189 730 322 820 ὕπαρξιν
353 738 500 818 λέγοντα,
537 735 593 800 καί
619 737 666 818 σί,
693 736 844 821 θεότητας
872 737 965 803 ταῦθ’
988 731 1163 822 όφειμένας

84 833 214 918 ἡγεῖσθαι
235 834 350 916 πάντα,
376 835 551 923 διαφόρους
565 840 619 921 τῆς
638 836 748 912 οὐσίας
770 836 825 902 καί
836 842 1009 918 α’κτίστους,
1032 830 1163 918 άνθραό-

63 940 138 1000 ὄντων
154 929 227 1002 όντα
249 937 414 1021 εὑρήματα
439 940 495 1002 καί
515 939 684 1021 ποιήματα.
728 937 840 1004 αότίκα
861 936 920 1021 γάρ
943 939 1022 1023 πρός
1045 941 1164 1002 ἐκεῖνον

82 1035 95 1099 ό
114 1041 204 1121 με’γας
236 1041 351 1124 φάσκει
374 1041 542 1114 Βασίλειος
569 1036 624 1106 “oo
648 1042 815 1123 α’γόννητος
843 1042 872 1105 εἰ
893 1032 1003 1121 ὄνομα,
1026 1041 1084 1102 οόκ
1105 1039 1164 1102 ον’-

81 1145 141 1203 σία·
181 1141 324 1224 τῶνγὰρ
349 1135 469 1206 οόσιῶν
488 1139 663 1227 σημαντικό
687 1139 724 1205 τά
748 1139 901 1226 όνόματα,
920 1141 984 1204 ου’κ,
999 1137 1082 1205 αότά
1104 1141 1162 1202 σό-

81 1242 147 1304 σίαι.
200 1244 231 1306 εἰ
259 1245 286 1305 δ’
308 1241 390 1307 αότό
424 1241 519 1307 οόσία
539 1237 572 1306 τό
597 1244 775 1326 ἀγέννητοι,
805 1247 983 1323 λεγέτωσαν
1002 1239 1037 1305 τό
1063 1231 1162 1320 ὄνομα

82 1343 181 1426 αότῆς·
234 1346 275 1406 ου’
299 1342 362 1426 γάρ
392 1347 426 1406 ἐκ
449 1344 513 1406 τῶν
533 1345 652 1407 οιίαιῶν
677 1345 746 1407 ἀλλ’
775 1344 890 1407 ἐκτῶν
924 1339 1087 1423 όνομάτων
1109 1343 1163 1404 καί

50 1444 108 1506 totu
135 1449 194 1508 τῶν
234 1443 400 1527 ἐνεργειῶν
429 1447 624 1528 γνωρίζομεν
653 1448 708 1508 καί
736 1441 875 1536 μάλιστα
905 1441 944 1507 τά
977 1439 1163 1523 άσοόματα.”

80 1537 141 1631 όρᾷς
165 1549 199 1609 ἐκ
220 1547 279 1608 τοῦ
301 1542 492 1628 παρήκοντος
525 1550 590 1622 πῶς
611 1550 645 1611 ἐκ
668 1547 730 1611 τῶν
759 1548 944 1625 σωματικῶς
974 1543 1224 1626 θεωροομό-ΙΘ

79 1667 131 1706 νων
153 1643 315 1727 ἐνεργειῶν
338 1646 445 1730 φησίν,
465 1643 569 1710 εἴτοον
583 1644 683 1731 ε”ργων
703 1647 762 1711 καί
776 1643 971 1730 ποιημάτων,
995 1642 1161 1726 γνωρίζειν

78 1741 149 1824 ἡμᾶς
169 1744 205 1809 τό
226 1743 380 1825 ἀσώματα
417 1745 471 1808 καί
491 1745 535 1830 μή
564 1745 762 1829 φαινόμενος
793 1742 889 1811 άκοοε
912 1750 943 1810 δ’
964 1743 1017 1810 ἐντί
1039 1742 1162 1818 τούτοις
1217 1781 1222 1820 ·.

78 1850 106 1906 τί
127 1848 180 1910 καί
210 1843 226 1907 ό
252 1850 430 1930 pauculus
460 1845 534 1928 περὶ
557 1846 722 1931 ὀνομάτων
749 1846 865 1934 φάσκει
886 1849 917 1910 Γ
916 1845 1068 1931 ρηγόριος.
1117 1840 1160 1928 “q‘

48 1949 140 2010 tilleio
161 1945 258 2032 φάσις
281 1943 327 2011 ότι
350 1950 422 2011 ποτὲ
446 1953 513 2012 κατ’
536 1949 646 2014 οόσίαν
661 1950 739 2029 ε’στί,
758 1951 817 2028 μιά
837 1945 920 2012 ἐστίν
933 1945 1016 2031 into}
1028 1950 1084 2010 καί
1096 1967 1172 2025 μο-ἱ

78 2045 186 2130 νοειδής
208 2048 262 2111 καί
283 2047 460 2125 α’σόνθετος
483 2051 538 2112 καί
558 2049 635 2132 όπὲρ
659 2046 714 2132 τήν
737 2045 923 2133 αἰσθητικὴν
953 2043 1041 2130 ἡμῶν
1062 2045 1160 2110 κατά-

77 2151 171 2228 ληψιν.
213 2154 269 2213 καί
288 2148 397 2233 incole}
420 2150 503 2231 μόνα
528 2147 567 2214 τά
589 2150 804 2232 γινωσκόμενα
834 2146 887 2214 διά
910 2152 964 2232 τῆς
986 2147 1159 2240 όνομαρτι-

78 2248 123 2330 κός
142 2251 359 2334 σημειούμεθα
383 2251 542 2332 κλήσεως,
566 2250 604 2313 τά
619 2251 658 2333 ,δ’
680 2251 759 2332 ὑπὲρ
780 2246 836 2333 τόν
859 2251 975 2332 γνῶσιν
998 2240 1077 2311 όντα
1098 2273 1158 2331 σιγ-

77 2359 245 2428 μειιοτικαΐς
268 2349 333 2414 τισί
353 2350 579 2434 προσηγορίαις
603 2353 767 2428 διαλαβεῖν
796 2349 855 2430 οιόχ
877 2340 942 2412 οἷόν
964 2371 1010 2429 τε,
1033 2353 1159 2422 πολλοῖς

46 2452 122 2514 titel
149 2449 315 2535 διαφόροις
350 2449 522 2531 όνόμασιν,
543 2447 628 2526 ὅπως
660 2444 699 2514 άν
727 2444 747 2537 ᾗ
772 2447 924 2532 δυνατόν,
954 2450 1158 2528 άνακαλόψαι

77 2550 241 2634 βιαζόμεθα
270 2551 328 2634 τόν
350 2552 549 2636 ε’γγινομόνην
579 2549 653 2634 ἡμῖν
681 2552 756 2634 περί
776 2553 835 2614 τοιῖ
855 2551 945 2614 θείου
972 2544 1158 2613 όπόνοιαν.”

78 2897 128 2940 curu
145 2885 181 2936 ita
200 2885 252 2938 sint
269 2885 361 2958 itaque
382 2883 578 2954 praeiudicata,
598 2883 743 2952 repetenda
772 2881 887 2936 sonasse
908 2886 949 2934 est
966 2877 1059 2948 lingna
1076 2877 1155 2930 nobis

78 2953 187 3021 epriore
205 2959 322 3026 uestigio
342 2959 481 3021 orationis,
496 2957 527 3009 b.
548 2974 572 3009 e.
593 2955 796 3008 demonstranda
821 2961 863 3005 est
886 2950 1027 3004 multorum
1046 2948 1155 3002 illorum
1236 2953 1240 2958 ‘

76 3029 197 3078 nominum
223 3029 368 3080 concordia
398 3036 425 3080 et
449 3036 594 3080 concentus
625 3036 651 3079 et
672 3042 740 3095 quae
761 3028 796 3078 sit
825 3038 915 3076 eorum
935 3022 966 3074 ad
984 3036 1064 3073 unum
1083 3021 1154 3088 quod

79 3099 174 3164 proprie
192 3101 231 3152 sic
248 3101 347 3152 dicitur
365 3100 478 3164 relatio,
506 3100 538 3152 ad
563 3100 679 3151 divinam
699 3099 821 3148 nimirum
847 3095 921 3148 illam
940 3101 967 3144 et
984 3093 1088 3145 benum
1107 3107 1153 3142 es.

76 3171 184 3234 sentiam,
200 3187 289 3239 neque
308 3173 471 3238 sequundum
480 3171 636 3223 Eunomium
648 3170 723 3223 illum
737 3169 844 3235 impium
864 3166 909 3236 qui
926 3180 980 3216 non
999 3163 1083 3232 geniti
1100 3177 1154 3214 no.

76 3252 128 3290 men
145 3243 288 3294 divinitatis
315 3243 486 3294 substantiam
513 3243 591 3306 dicit,
611 3257 700 3309 neque
718 3241 869 3294 secundum·
886 3247 913 3289 te
941 3234 1083 3302 putandum
1104 3241 1153 3298 ost,

77 3308 215 3364 divinitates
237 3315 388 3364 summissas
414 3315 520 3364 omnino
547 3314 667 3366 diversas
693 3313 726 3365 ab
753 3311 869 3363 essentia
888 3316 915 3361 et
942 3309 1073 3358 increatas
1094 3321 1154 3356 esse

76 3379 184 3435 inventas
204 3385 333 3452 fictasque
352 3384 384 3434 ab
412 3384 571 3436 hominibus.
618 3385 705 3436 statim
733 3384 801 3435 enim
832 3389 925 3432 contra
944 3377 1018 3429 illum
1038 3375 1154 3428 Basilius

75 3456 242 3520 maguusait:
266 3464 337 3506 “non
359 3457 496 3521 genitnm”
517 3458 539 3507 si
558 3470 655 3506 nomeu
675 3463 724 3517 est,
743 3469 797 3505 non
812 3463 852 3505 est
875 3451 1000 3514 essentia,
1021 3448 1155 3500 essentia.

77 3527 206 3576 tamenim
233 3527 411 3594 significantia
442 3535 503 3578 sunt
520 3527 647 3589 nomina,
674 3539 729 3576 non
754 3526 812 3591 ipsa
837 3523 988 3585 essentiae,
1007 3521 1048 3572 siu
1067 3527 1155 3570 sutem

76 3591 149 3657 ipsum
168 3605 236 3648 “non
256 3599 394 3666 genitum”
415 3604 456 3648 est
474 3599 599 3662 essentia,
623 3599 731 3649 dicunto
750 3611 848 3646 nomen
869 3595 942 3646 eius:
959 3606 1013 3644 non
1032 3591 1102 3642 enim
1121 3606 1155 3642 ex

78 3668 190 3718 essentiis
207 3671 255 3720 sed
275 3668 449 3720 enominibus
470 3677 495 3720 et
514 3669 667 3720 efficientiis
686 3665 861 3733 intelligimus
881 3673 909 3716 et
928 3665 1040 3715 maxime
1060 3663 1154 3713 incor-

76 3745 155 3797 porea.
191 3740 266 3792 vides
287 3741 383 3803 exiis,
404 3755 472 3807 quae
491 3741 637 3802 accedunt,
657 3740 746 3789 dicere
767 3737 843 3787 illum
863 3741 896 3788 εἰ
916 3734 1069 3786 efficientiis
1090 3747 1153 3784 cor.

75 3807 137 3867 poris
154 3808 234 3861 instar
254 3811 382 3878 inspectis
402 3812 460 3861 siue
481 3809 558 3861 factis
579 3817 605 3860 et
624 3809 750 3876 operibus
768 3803 975 3859 nos'declarare
993 3807 1154 3871 incorporea

77 3882 98 3924 tt
115 3893 176 3944 quae
194 3897 249 3932 non
269 3889 422 3932 cernuntur.
460 3883 552 3946 accipe
571 3887 713 3946 praeterea
731 3895 800 3946 quae
820 3879 898 3930 etiam
918 3877 1062 3945 Gregorius
1081 3875 1153 3940 llys.

76 3959 141 4000 εοεαε
162 3951 193 4002 de
210 3953 362 4011 nominibus
382 3953 468 4003 dicat:
497 3958 590 4002 natura
608 3951 712 4016 divina,
731 3950 858 4018 quidquid
877 3950 1038 4000 estuatione
1057 3962 1154 3998 essen.

76 4015 120 4068 tiae
138 4019 233 4087 habita,
253 4039 306 4074 una
326 4030 366 4072 est
383 4021 497 4089 simplex
516 4029 542 4072 et
560 4021 700 4072 uniformis
721 4030 748 4072 et
767 4020 943 4087 incomposita
963 4027 989 4070 et
1008 4026 1082 4069 entra
1100 4032 1153 4069 no.

76 4094 143 4141 otram
161 4094 426 4145 animadversionem.
464 4101 491 4144 et
510 4092 635 4160 quoniam
653 4092 711 4144 oola
724 4107 792 4160 quoe
810 4091 999 4158 intelliguntur
1017 4090 1153 4140 nominum

75 4161 171 4215 uocibus
190 4165 386 4234 significamnst
405 4179 474 4231 quae
493 4171 677 4229 antemsupra
695 4163 901 4231 intelligentiam
920 4169 990 4223 sunt,
1014 4176 1068 4212 non
1087 4174 1153 4226 pos-

75 4241 151 4285 tumus
169 4233 380 4303 significantibus
398 4234 623 4302 appellationibus
643 4234 797 4302 complecti,
814 4233 904 4285 inultis
924 4240 951 4284 et
967 4232 1081 4283 (liversis
1100 4244 1153 4280 noa

75 4303 175 4360 minibus
194 4314 324 4376 quatenus
344 4306 410 4359 licet
426 4305 551 4360 revelare
571 4305 690 4376 cogimur
708 4307 813 4360 insitam
831 4305 910 4358 nobis
928 4305 962 4368 cle
981 4304 1090 4355 numine
1105 4301 1153 4358 ,dia

149 4407 311 4484 tomum
322 4404 432 4478 &soom
456 4401 511 4460 Vol.
524 4401 578 4459 111.
932 4400 966 4460 19
