2992 4918
296 315 346 386 nb
615 317 836 386 nrcnsnom
870 313 1103 384 GREGORAE

295 480 449 556 διαλέξεις
481 478 677 562 ποιούμενος.
721 474 803 544 ὥστε
829 483 884 544 καί
911 479 1043 560 Κύπρον
1066 477 1184 558 μικρού
1216 477 1322 539 πᾶσαν
1347 475 1391 546 εἰς

228 587 281 641 11
295 572 394 659 ύμνον
416 577 471 644 τύν
492 579 549 644 σύν
572 577 770 666 ἀνηρτήσατο
798 583 853 644 καί
875 575 1013 662 κήρυκας
1042 582 1186 659 πέπραχε
1208 575 1296 651 σούς,
1318 576 1391 658 πρίν

292 676 432 754 ἐκείνους
452 680 531 745 ἰδεῖν
551 704 582 746 τι
604 684 667 745 τοῖν
689 683 763 746 σιύν.
788 675 874 744 σύτω
895 703 929 762 γε
950 677 1016 761 μήν
1038 677 1092 741 καί
1109 679 1163 760 τῆς
1183 698 1219 758 γε
1240 676 1297 758 σῆς
1320 677 1391 737 έπε-

240 821 244 835 ,
292 775 491 871 inpar-diae
514 785 569 845 καί
591 781 718 861 ὁμιλίας
738 789 857 862 τυχεῖν,
883 783 937 844 καί
957 774 1041 843 adea
1060 779 1121 842 roris
1148 777 1299 841 τοιούτων
1321 770 1390 850 ύλυς

259 899 264 907 ’
295 881 432 965 ἐγίγνετο
454 885 612 964 λογισμῶν
632 880 754 966 νύκτωρ
778 882 832 946 καί
851 886 927 963 μεθ’
947 879 1079 965 ἡμέραν,
1103 871 1184 942 aiore
1201 876 1256 941 καί
1275 868 1411 961 ,iperio

293 980 337 1064 pu}
360 981 513 1066 πρότερον
534 983 605 1066 μήτ’
629 985 746 1046 ἐκεῖνον
767 981 848 1066 μήτε
870 987 906 1047 σέ
929 987 1041 1046 θανεῖν
1064 979 1138 1062 πρίν
1162 975 1194 1054 ἐς
1220 980 1390 1057 Βυζαντίον

293 1080 412 1148 ἐκέῖνον
434 1082 599 1168 ἀφῖχθαι,
627 1081 727 1147 πύλαι
745 1086 839 1148 τούτο
871 1086 1069 1167 βουληθέντα
1094 1080 1149 1144 καί
1166 1078 1391 1162 μελετήσαντα,

261 1265 264 1274 ,
292 1182 391 1268 μύννγς
411 1181 502 1248 ἕνεκα
521 1189 598 1259 θέας
618 1186 672 1250 καί
685 1185 813 1263 ,δμιλίας
834 1189 889 1268 τῆς
912 1187 979 1266 σῆς.
1003 1179 1104 1258 ούτονς
1124 1181 1257 1266 ύπσίητα
1279 1173 1318 1261 ἤν
1340 1181 1391 1242 καί

294 1281 448 1368 εἰλικρινῆ
457 1283 493 1350 τύ
511 1285 665 1368 παράπαν
676 1284 734 1350 αἐί
748 1282 786 1350 τύ
804 1288 925 1349 ἐκείνου
940 1283 1020 1365 πρὸς
1033 1289 1079 1364 σέ,
1092 1283 1148 1348 καί
1160 1283 1254 1346 odito
1265 1273 1391 1367 osidapp‘

292 1391 511 1467 πεπλασμένον
523 1381 602 1470 ἦθος
618 1384 842 1451 ἐνεκεκύλυπτο
855 1394 919 1459 τοῖς
939 1384 1057 1450 ἐκείνου
1072 1383 1238 1467 γράμμασι
1254 1379 1388 1461 πιύποτε,
1399 1391 1425 1445 to

246 1493 250 1502 ’
293 1481 352 1551 ὅσα
373 1509 424 1552 σοι
446 1489 510 1551 scin
532 1490 596 1551 σῶν
618 1490 748 1571 μακριύν
769 1489 893 1551 ἐκείνων
910 1488 1072 1569 ἐγκωμίων
1092 1483 1144 1548 αἰεί
1165 1486 1299 1548 διετέλει
1314 1485 1391 1559 τιέμ-

295 1593 362 1652 πων
382 1585 494 1669 μεοτύ.
518 1587 644 1669 έκύμισε
661 1591 696 1652 δέ
711 1610 765 1668 μοι
783 1593 836 1653 καί
857 1584 917 1653 ὅσα
935 1590 989 1670 τῆς
1014 1587 1240 1668 α’στρυνυμικῆς
1261 1582 1391 1666 ἐπιστή-
1474 1593 1475 1624 ³

296 1712 358 1772 μρς
386 1688 472 1776 αύτῷ
500 1689 695 1775 ἐπεπόμφεις
726 1689 825 1764 αύτὸς
851 1688 929 1754 κατὰ
952 1687 1128 1774 διαφόρους
1158 1679 1258 1752 ἄλλοτ’
1277 1677 1391 1757 ἄλλους
1474 1694 1475 1744 l

295 1788 369 1866 τούς
376 1787 520 1872 χρόνους,
535 1795 589 1855 καί
603 1783 639 1872 ἢν
655 1793 697 1853 δι’
710 1788 882 1874 ἐκπλήξεως
898 1784 984 1872 ύγων
1000 1784 1085 1864 ὅπως
1097 1792 1217 1853 ἐκείνου
1230 1785 1327 1871 χάριν
1339 1783 1392 1849 πύ-
1474 1779 1475 1828 l

285 1915 358 1984 Ινεον
378 1887 453 1966 τούς
474 1896 600 1968 πλείους
615 1895 669 1957 καί
687 1889 827 1973 μάλιστα
843 1896 1008 1974 δυσχερεῖς
1024 1894 1086 1956 τιύν
1106 1887 1257 1953 τοιούτων
1273 1882 1392 1972 ύποδέ-
1400 1896 1425 1950 15

296 2015 377 2057 σεων
398 1992 431 2057 ἐν
452 1994 571 2075 σ’λίγαις
593 1993 775 2058 συνέκλεισε
797 1997 982 2075 συλλαβαῖς.
1027 1997 1082 2057 καί
1102 1996 1161 2073 μὲν
1182 1987 1221 2074 δὴ
1244 1986 1391 2072 ου’δέτιὶν

297 2098 504 2176 Πτολεμαίου
543 2093 832 2178 α’ποτελεσματικίμ
872 2095 1076 2178 τετρύβιβλον
1120 2095 1194 2176 περί
1227 2091 1399 2163 ἐλάσσονοςΙ

296 2199 433 2260 ἐποιεῖτο
454 2198 597 2280 σπουδῆς
617 2201 748 2278 έκεῖνος,
782 2195 863 2259 α’λλύ
884 2198 999 2280 ταύτην
1022 2217 1055 2258 τε
1076 2197 1131 2258 κατ’
1158 2188 1218 2258 ὅσα
1243 2193 1320 2278 περί
1335 2193 1391 2255 sois

237 2294 255 2325 ·’
297 2294 414 2376 ὁμοίων
434 2305 498 2372 τοῖς
513 2296 722 2377 Πτολεμαίου
743 2302 965 2382 παλαιοτέροις
995 2291 1062 2377 ἅμα
1091 2286 1327 2376 καένευοτέροις
1349 2289 1391 2356 ἔτι

300 2398 441 2482 περίεστι
463 2402 673 2479 γεγραμμένα,
698 2399 752 2462 καί
772 2393 832 2462 ύσα
855 2397 952 2461 πύλαι
975 2385 1151 2500 Χιτλδαίοιξ
1172 2395 1225 2460 καί
1250 2395 1426 2477 Πέρσοιςλδ

298 2503 473 2581 πεποίηται,
498 2495 579 2562 πάνυ
603 2525 633 2565 τι
655 2498 757 2562 πύντα
782 2497 1033 2584 φιλοπονώτερον
1051 2495 1171 2586 μετῄει.
1215 2496 1270 2560 καί
1296 2491 1392 2559 indua

167 2601 356 2679 tronispiv
378 2593 457 2681 ύπέρ
486 2599 525 2664 τύ
546 2597 728 2680 ἐσκαμμένα
760 2609 822 2674 τοῖς
845 2601 990 2680 εύσεβέσι
1021 2602 1129 2679 νόμοις
1152 2601 1206 2662 καί
1226 2595 1392 2680 ύπερύριον
1475 2627 1476 2632 1

297 2702 392 2766 τείνει
417 2699 632 2782 adelmarius
656 2702 684 2764 δ’
703 2701 865 2766 α’πεσείετύ
888 2724 919 2765 τε
942 2702 996 2765 καί
1019 2703 1166 2766 διέπιυεν
1187 2698 1229 2773 ὡς
1251 2689 1392 2782 ἄχρηστα

308 3008 421 3076 Cyprios
439 3009 472 3060 ad
490 3015 561 3061 tuem
580 3007 694 3076 gloriam
712 3015 884 3062 oonverteret
902 3009 994 3076 tuique
1018 3006 1169 3059 laudatores
1189 3003 1324 3066 efficeret,
1343 2999 1395 3068 pri-
1475 3029 1476 3046 2

304 3096 415 3148 usquam
435 3089 540 3132 tuorum
560 3080 701 3147 quidquam
720 3081 852 3133 siderent.
872 3087 924 3131 tam
942 3078 1117 3131 vehementer
1135 3091 1201 3129 vero
1221 3069 1395 3143 cupiebatsibi
1475 3075 1476 3080 ’

303 3153 484 3218 contingere,
505 3158 534 3200 ut
547 3157 574 3200 te
594 3152 698 3202 uideret
717 3159 857 3220 tecumque
877 3160 1082 3203 conversaretur
1102 3159 1129 3201 et
1149 3150 1186 3200 ita
1204 3157 1275 3200 totus
1295 3149 1322 3198 in
1339 3142 1396 3196 tali-

304 3221 355 3273 bus
379 3221 588 3289 cogitationibus
607 3230 687 3273 noctu
706 3231 733 3274 et
750 3224 794 3274 die
813 3232 884 3288 crat,
907 3230 940 3272 ut
962 3230 1128 3289 precaretur,
1147 3236 1181 3272 ne
1204 3221 1277 3286 prius
1305 3224 1348 3268 out
1371 3221 1396 3262 tu

299 3294 444 3345 morereris
464 3301 509 3346 aut
528 3295 586 3359 ipsc
604 3294 748 3346 decederet
766 3311 780 3346 e
800 3297 865 3359 vita,
885 3310 960 3362 quam
980 3294 1138 3360 Byzantium
1150 3292 1278 3343 ‘venisset
1296 3289 1322 3340 id
1334 3280 1396 3354 quod

303 3364 358 3414 iam
379 3365 423 3415 diu
442 3365 576 3418 voluisset
605 3375 632 3418 et
655 3365 832 3419 deliberasset
854 3365 929 3418 nulla
955 3365 1008 3416 alia
1034 3366 1066 3416 de
1086 3379 1178 3428 causa,
1204 3377 1281 3430 quam
1307 3368 1335 3410 ut
1356 3363 1395 3434 tuq

309 3435 438 3503 adspectu
460 3445 487 3489 ct
507 3437 702 3491 cousuetudine
719 3438 771 3489 irai
789 3446 890 3504 posset.
929 3445 980 3488 tam
998 3435 1112 3504 simplex
1132 3441 1311 3502 asotiamque
1334 3438 1396 3505 omn}

307 3522 341 3558 ex
361 3515 436 3573 parte
455 3511 577 3562 sinceras
597 3525 703 3576 semper
722 3511 779 3562 eius
799 3511 902 3561 animus
921 3511 1050 3562 adversus
1068 3500 1397 3576 tenequequidquamlicl}

305 3585 354 3628 aut
371 3577 454 3631 fucati
474 3595 590 3649 unquam
609 3583 637 3632 iu
656 3581 712 3634 illis
738 3580 836 3634 litteris
860 3576 1054 3644 delitescebat,
1073 3594 1139 3645 quas
1163 3576 1342 3629 laudationum
1363 3576 1396 3619 inl

306 3649 448 3717 longarum
470 3651 564 3719 plenas
581 3661 712 3720 perpetuo
732 3651 779 3704 tibi
799 3653 880 3704 misit.
926 3651 1084 3720 apportabat
1106 3650 1171 3702 mibi
1196 3649 1273 3699 etiam
1293 3644 1396 3708 scripta,

306 3736 376 3789 qnae
395 3723 430 3774 de
449 3725 613 3776 astronomis
633 3724 658 3774 ei
677 3724 792 3776 diversis
812 3723 977 3790 temporibus
995 3721 1115 3787 miseras,
1136 3714 1397 3789 quainremiratione

304 3791 364 3845 lere
384 3793 525 3861 perculsus
546 3811 627 3859 eram,
646 3795 778 3863 quomodo
797 3793 1022 3848 laboriosissimae
1042 3800 1068 3845 et
1087 3791 1258 3846 difficillimas
1283 3794 1397 3840 astrono-

307 3863 440 3916 micarum
462 3868 647 3934 quaestionum
667 3867 759 3933 paucis
779 3865 981 3933 comprehcndit
997 3863 1119 3932 syllabis.
1156 3878 1244 3931 neque
1257 3872 1322 3913 vero
1340 3853 1397 3906 no-

306 3933 409 3988 lemsei
428 3937 672 4004 apotelesmaticam
691 3936 853 3989 tetrabiblon
871 3937 1003 4007 neglexit:
1023 3936 1142 3988 sednon
1161 3933 1246 3987 solum
1268 3945 1323 3982 eam
1347 3932 1397 4000 νισι.

312 4005 464 4060 δίεεὶεείιυε
484 4007 631 4074 lectitabat,
651 4009 699 4062 sed
719 4009 796 4060 etiam
817 4024 909 4061 omnes
929 4008 1013 4060 libros
1032 4009 1066 4059 de
1085 4005 1165 4058 simili
1184 4007 1346 4072 argumento,
1358 4003 1397 4060 qm

313 4092 328 4128 a
348 4079 525 4146 scriptoribus
543 4080 697 4133 Ptolemaeo
717 4079 911 4149 antiquioribus
930 4079 975 4131 vel
995 4077 1190 4131 recentioribus
1211 4068 1345 4140 compositi
1355 4061 1398 4115 ad-

315 4147 368 4200 buc
390 4159 495 4203 exstant
517 4151 563 4204 vel
582 4169 598 4204 a
617 4151 754 4205 veteribus
774 4151 915 4206 Chaldaeis
936 4159 962 4202 et
979 4150 1069 4203 Persis
1088 4147 1233 4214 conscripti
1251 4150 1318 4197 sunt.
1357 4127 1398 4188 aed

300 4235 476 4293 quaecunque
501 4224 568 4277 lines
592 4224 692 4278 sanctis
716 4221 821 4292 legibus
850 4224 1010 4276 constitutos
1045 4221 1178 4274 excedunt
1207 4227 1285 4286 atque
1310 4216 1396 4263 metam
