2952 4902
241 319 459 436 ursronue
485 309 874 434 aurnurrunuxxvr.
893 346 1048 434 λανδ.
1087 326 1090 334 ’
1139 357 1185 432 91

101 534 219 613 σπάνει,
256 531 312 597 καί
338 527 407 613 ἅμα
433 533 601 611 νοσοῦντας
636 527 770 612 ὁρῶντες
800 527 927 604 ὁπόσοις
960 532 1022 593 ταῖν
1050 511 1189 612 όρίστων

102 633 216 718 ἀνδρῶν
244 635 289 717 μὴ
313 635 465 715 πολεμίου
488 637 601 720 ξίφους
631 631 799 714 τετύχηκεν
819 627 911 714 ἔργον
932 632 1101 712 γενέσθαι,
1124 635 1192 702 τοῖς
1278 643 1285 654 ’

100 741 153 802 τόν
176 733 350 818 βαρβάρων
380 733 638 818 προσωρμιζοντο
671 733 794 812 λιμέσιν
815 728 998 808 ἐνσπόνδοις
1018 720 1127 813 οόσιν,
1149 723 1191 803 σός

100 836 234 920 εἴρηται,
267 838 398 921 τροφσῖν
429 858 462 898 τε
498 837 600 903 εἵνεκα
633 833 687 896 καί
714 834 868 897 πλείστων
901 823 1005 896 όλλων
1040 829 1096 895 καί
1133 853 1192 912 με-

80 936 193 1021 5γόλων
224 941 278 1003 καί
302 938 513 1001 παντοδαπῶν
542 931 699 1013 ἐλπίδων,
729 935 784 998 καί
814 932 892 1018 πρός
915 955 950 1015 γε
977 929 1021 998 ἔτι
1057 929 1193 999 θάπτειν

100 1043 129 1104 ἐν
157 1040 308 1126 α’λλστρίρι
338 1033 448 1121 πόρρω
477 1059 539 1100 που
571 1037 627 1119 τῆς
659 1036 776 1110 οἰκείας
803 1039 860 1118 γῆς
883 1033 956 1111 τούς
986 1031 1119 1110 οἰκείους
1141 1057 1192 1098 νε-

100 1140 204 1224 κρσός,
235 1138 282 1222 μὴ
306 1139 370 1203 τῶν
400 1139 546 1220 γαμετῶν
569 1135 624 1202 καί
644 1139 759 1202 τέκνων
780 1136 1032 1215 αἰσθανομένων.
1075 1137 1256 1207 τοσοῦ-η
1311 1125 1313 1128 ’

101 1265 147 1306 τον
166 1240 227 1327 γόρ
252 1240 314 1325 τὴν
345 1241 408 1304 τεόν
433 1241 590 1319 πολεμίοιν
617 1236 859 1322 κατεπλόγησαν
889 1232 1010 1317 τόλμαν
1040 1229 1113 1302 dor’
1136 1236 1192 1300 οόκ

99 1341 197 1423 όρκεῖν
224 1338 381 1421 ἐνόμισαν
400 1341 586 1424 βαρβάρους
614 1339 648 1405 ἐκ
674 1341 730 1403 τοῦ
754 1333 872 1422 σχεδόν
899 1334 936 1401 τό
955 1339 1087 1420 μέγιστα
1111 1342 1192 1420 βορ-

68 1447 229 1517 ίθδοόντας
250 1441 396 1526 ἔχοντες,
418 1439 499 1506 α’λλιί
521 1445 575 1505 ναί
603 1439 660 1516 τός
680 1442 744 1506 τεόν
767 1439 890 1505 οἰκείων
910 1439 1061 1520 μεγίστας
1094 1434 1192 1502 ὁλκαί-

100 1546 150 1618 δας
174 1544 347 1638 οἰναγιταῖρν
367 1540 471 1619 ἔδοξεν
491 1539 673 1625 α’γαγόντας,
688 1539 840 1626 στιχνγόόν
862 1538 942 1604 κατὰ
959 1541 1105 1620 μέτωπον
1127 1563 1190 1604 πα-

100 1644 322 1728 ραστήσασθαι
344 1645 433 1729 δίκην
451 1637 580 1728 πόργων
601 1648 656 1708 καί
677 1645 801 1728 τειχῶν,
825 1640 1019 1726 στρατιώτας
1043 1637 1193 1723 παμπόλ-

99 1753 163 1820 λους
185 1743 337 1829 όχοόσας,
356 1747 412 1810 ε’πί
430 1769 463 1810 τε
483 1747 546 1809 ταῖν
567 1744 843 1828 καταστρωμάτων
873 1744 929 1806 καί
956 1735 1021 1806 ἅνω
1043 1738 1130 1826 νιαρόι
1153 1739 1191 1807 τό

100 1849 153 1908 τόν
175 1843 274 1911 iureis
297 1845 484 1931 οἰκρωτιὴρια
501 1849 600 1911 λίθων
624 1847 943 1928 παρεσκευασμένους
967 1839 1098 1924 ἔχοντας
1129 1867 1195 1907 σω-

66 1958 91 2010 15
100 1947 169 2028 ροός
183 1950 222 2028 ,ἐς
246 1946 284 2013 τό
301 1949 498 2030 ε’πιρρίπτειν
517 1957 583 2025 τοῖς
603 1945 764 2028 πολεμίοις
780 1949 834 2010 καί
847 1943 901 2010 τόν
916 1947 1069 2009 ἐπίπλουν
1086 1943 1196 2027 όνείρ-

98 2071 157 2129 γειν
179 2050 302 2114 αόταῖν.
354 2051 431 2130 νῆας
452 2051 478 2112 δ’
511 2047 637 2132 ἔχοντες
658 2045 711 2112 τόν
733 2044 876 2132 α’ριδμόν
901 2043 1048 2120 indracon
1070 2039 1090 2128 ἢ
1113 2042 1195 2109 κατὰ

97 2145 146 2222 τός
166 2153 350 2230 πολεμίας,
373 2153 428 2214 καί
449 2151 567 2214 τούτων
594 2149 650 2227 τοὶς
671 2151 694 2188 “
716 2154 843 2222 clericor
877 2142 1015 2232 ἐρήμους
1038 2160 1319 2229 στρατια-λίην.

97 2250 171 2328 τόν,
201 2257 243 2338 τῇ
274 2275 308 2316 τε
343 2257 507 2337 ναυμαχίᾳ
529 2255 583 2316 καί
604 2257 642 2340 τῇ
664 2250 795 2316 κατόπιν
815 2251 869 2332 τῆς
902 2250 1087 2338 ναυμαχίας
1114 2242 1195 2334 νόσῳ

99 2355 291 2436 φθαρέντων,
314 2355 359 2426 εἰς
373 2351 511 2435 α’νόγκας
530 2345 629 2440 ᾔεσαν
647 2355 701 2417 καί
721 2350 815 2422 αότοί
829 2346 1061 2435 μισθοφορικόν
1081 2349 1196 2429 α’θροί-
1222 2415 1225 2420 ,

64 2451 157 2527 ludere
178 2452 211 2532 ἐξ
238 2453 424 2538 ἀλλοδαπῆς
459 2453 514 2518 καί
542 2452 739 2537 στρατιώτας
767 2449 801 2518 ἐκ
835 2453 899 2516 τεόν
920 2453 1075 2516 Βιθυνοόν
1098 2474 1198 2514 κατα-

101 2556 228 2639 γράφειν
250 2548 425 2644 βαρβάρων
438 2603 447 2635 ,
471 2550 649 2629 ἐνδιδόντος
674 2558 731 2618 τοῦ
753 2556 845 2640 epeia
866 2553 1018 2636 ἡγεμόνος
1042 2550 1197 2634 Ὑρκανοῦ

101 2644 292 2732 παμπόλλων
315 2658 406 2720 ἕνεκα
424 2651 610 2741 χρημάτων.
652 2653 892 2736 μισθωσόμενον
913 2655 1016 2718 τοίνυν
1036 2647 1117 2735 ὑπὲρ
1140 2675 1196 2733 χι-

101 2755 181 2832 λίους
202 2759 328 2822 ε’κεΐδεν
349 2755 466 2839 ψιλοός
482 2759 608 2838 διεῖλον,
629 2757 685 2821 καί
705 2753 780 2834 τοός
798 2761 856 2838 μὲν
876 2757 1095 2838 παραβοηθεῖν
1118 2755 1195 2837 δεῆ-

103 3059 250 3114 abarbsris
269 3060 388 3114 incultae
407 3062 518 3129 stabant,
538 3065 727 3132 praetervecti.
765 3077 823 3117 nam
843 3062 862 3113 ii
882 3076 988 3131 quoquc
1007 3059 1107 3128 pariter
1121 3075 1196 3112 com·
1242 3045 1253 3064 ‘

104 3140 197 3185 meatus
216 3135 311 3200 inopia
328 3133 481 3201 laborantes
502 3143 528 3186 et
545 3136 813 3199 viros'lortissimos,
836 3135 880 3203 qui
900 3133 989 3204 gladio
1009 3131 1124 3184 hostium
1143 3145 1196 3183 non

104 3201 228 3271 absumpti
260 3212 351 3268 erant,
376 3206 468 3256 morbo
496 3207 606 3260 allectos
631 3203 753 3259 videntes
780 3207 812 3257 ad
838 3215 930 3274 portus
955 3203 1126 3256 barbarorum
1146 3203 1196 3256 sibi

105 3276 366 3341 confoederatorum,
391 3284 421 3328 ut
444 3293 523 3345 supra
550 3279 803 3342 demonstravimus,
828 3277 1004 3344 appulerant,
1024 3283 1053 3326 ut
1072 3274 1198 3328 alimento

105 3344 150 3395 sibi
167 3349 341 3415 acquirerent
368 3347 474 3416 aliaque
494 3349 576 3401 multa
602 3358 628 3400 et
650 3366 744 3418 magna
766 3350 900 3401 commoda
927 3351 1101 3414 impetrarent
1119 3356 1199 3416 atque

107 3425 217 3496 mortuos
237 3417 332 3484 procul
351 3435 366 3470 a
384 3421 516 3484 patriciu
535 3421 622 3472 aliena
642 3429 712 3474 terra
727 3420 884 3488 sepelirent,
903 3417 1130 3488 nequeuxoribus
1149 3435 1200 3470 nec

106 3483 190 3539 liberis
209 3487 236 3540 id
255 3489 441 3542 sentientibus.
488 3508 572 3560 usque
598 3493 664 3544 adeo
692 3494 761 3544 enim
779 3491 895 3543 hostium
922 3492 1032 3543 audacia
1060 3491 1199 3542 conterriti

107 3566 188 3622 eraut,
218 3568 324 3612 utnon
348 3562 475 3614 sullicere
499 3564 704 3628 arbitrarentur,
732 3565 754 3618 si
782 3563 887 3616 barbari
916 3578 950 3614 ex
972 3561 1122 3630 propinquo
1148 3561 1199 3612 sibi

107 3643 176 3693 quam
201 3632 315 3682 maxime
341 3633 550 3704 auxiliarentur,
583 3636 630 3687 scd
658 3637 736 3686 etiam
763 3634 944 3686 necessarium
970 3649 1030 3686 esse
1062 3633 1199 3695 ducerent,

108 3701 226 3778 maximas
243 3702 352 3754 navium
367 3707 547 3757 onerariarum
566 3722 614 3773 per
625 3706 750 3774 singulos
769 3707 876 3758 ordines
895 3706 1006 3758 turrium
1022 3712 1049 3755 et
1067 3705 1199 3755 moenium

108 3779 187 3848 instar
206 3775 233 3825 in
253 3773 343 3826 lrcnte
363 3775 510 3828 'collocatas
529 3792 625 3845 magno
645 3779 756 3830 militum
775 3789 885 3828 numero
907 3775 1117 3842 complerc,‘qui
1137 3789 1200 3827 saxa

108 3855 132 3889 m
150 3845 291 3896 constratis
317 3853 344 3897 et
370 3847 402 3898 ad
428 3863 543 3900 summos
568 3849 653 3902 melos
679 3847 811 3900 cumulate
829 3849 856 3899 iu
886 3847 977 3898 hostes
998 3847 1151 3908 iniicerent,
1171 3854 1200 3897 ut

109 3925 194 3964 eorum
214 3917 340 3983 impetum
361 3918 542 3984 prohiberent.
591 3921 697 3973 navium
723 3934 887 3988 veroquam
915 3918 1044 3976 minorem
1062 3931 1199 3970 numerum

109 3997 181 4048 quarn
203 3984 292 4038 hostes
313 4004 425 4056 eumque
452 3991 553 4042 maiore
575 4007 608 4042 ex
626 3999 701 4058 parte
724 4007 838 4044 vacuum
856 3983 1004 4053 baberent,
1025 3988 1154 4042 militibus
1174 3996 1201 4038 ct

109 4053 208 4116 proelio
226 4057 318 4110 navali
339 4067 365 4110 et
383 4062 474 4113 morbo
494 4070 588 4128 postca
600 4065 741 4130 ingruente
761 4061 915 4129 absumptis,
934 4061 1114 4112 mercenarios
1132 4075 1199 4111 cou-

110 4123 203 4177 ducere
215 4143 255 4182 ex
274 4133 416 4196 peregrina
435 4140 506 4183 terre
526 4136 611 4186 coacti
627 4133 726 4186 milites
746 4141 773 4184 et
786 4131 909 4199 Bithynis
922 4132 1042 4185 barbaris
1060 4131 1200 4196 couscrip-

110 4209 175 4260 sere,
195 4199 263 4250 duce
283 4214 374 4252 eorum
393 4204 516 4268 llyrcano
535 4206 649 4271 pecunia
668 4204 761 4272 grandi
783 4207 962 4273 permittente.
988 4203 1124 4256 conductis
1145 4201 1200 4268 igi.

111 4270 148 4315 tur
167 4268 227 4334 plus
246 4269 320 4322 mille
342 4272 411 4326 leuis
438 4283 585 4328 armaturae
610 4275 737 4328 militibus
761 4276 883 4330 bilariam
907 4291 953 4328 eos
977 4275 1110 4337 divisere;
1130 4271 1199 4323 altc-
