2992 4918
191 313 195 322 ’
243 355 292 434 ot
494 409 517 440 ,
549 362 775 432 urcuuuoar
806 359 1035 428 ouuooaan

174 521 178 534 ¹
244 525 517 614 όντεφιλοτιμεῖτό
537 523 567 590 οἱ
597 526 651 590 καί
671 523 710 591 τό
730 524 824 589 πιστὰ
848 528 902 608 τῆς
930 522 1004 605 περί
1023 521 1058 588 τό
1084 521 1181 604 σίδας
1201 522 1345 610 όληθοός

244 631 389 712 ὁμονοίας
411 631 596 712 περιφανεῖς
617 628 794 706 α’ντεδίδου,
816 620 859 701 ὥς
874 626 1047 710 τηνικαῦτα
1070 621 1125 688 καί
1146 625 1200 688 τὸν
1220 626 1344 690 Ἀντιο-

241 734 333 813 χείας
358 725 516 812 ἔγγραφον
536 722 656 793 ἑαυτοῦ
676 733 873 810 προενεγκεῖν
892 726 1000 806 τόμον,
1021 721 1188 806 ὁμολογίαν
1204 729 1264 805 μὲν
1287 727 1341 808 τῆς

244 827 418 918 όρθοδόξου
451 831 507 891 καί
539 830 644 910 κοινῆς
674 826 763 908 ἡμῶν
793 823 905 908 ἔχοντα
929 813 1077 908 πίστεως,
1100 822 1285 904 ἐκτέμνοντα
1309 827 1345 890 δὲ

246 933 410 1012 Παλαμόν
433 931 489 1013 τῆς
511 931 568 993 τοῦ
591 930 670 992 θεοῦ
692 928 857 1011 ἐκκλησίας
887 925 931 1002 σός
959 926 1041 990 νόθα
1064 930 1119 990 καί
1137 929 1257 1012 βέβηλα
1280 939 1369 992 πα-5

247 1028 433 1115 ρεισόγοντα
456 1026 621 1111 δόγματα,
652 1026 748 1108 τόμον
769 1029 886 1090 ἐκεῖνον
917 1025 1036 1110 δηλαδὴ
1061 1020 1097 1090 δν
1118 1030 1153 1092 ε’ν
1171 1027 1342 1117 Βυζαντίῳ

244 1129 446 1214 συνετετόχει
471 1126 583 1212 παρεόν
605 1127 661 1196 καί
680 1125 802 1192 dacto»
832 1131 885 1192 καί
905 1126 1192 1210 συναγωνιζόμενος
1213 1126 1343 1218 Ἰαόννῃ

244 1234 285 1322 τῷ
307 1227 487 1318 πατριόρχῃ
509 1231 564 1294 καί
581 1239 645 1306 τοῖς
661 1253 695 1314 γε
717 1230 798 1316 ἄμφ’
820 1229 918 1293 ου’τόν
936 1225 1135 1310 ἐπισκόποις,
1159 1224 1192 1292 τό
1215 1229 1344 1311 ίσχόεικ

244 1328 356 1414 ἔχουσι
376 1333 452 1404 τέως
473 1329 507 1395 ἔκ
526 1353 558 1394 τε
581 1332 638 1414 τῆς
660 1333 815 1413 α’ληθείας
842 1326 876 1394 ἔκ
898 1351 932 1392 τε
961 1332 1019 1396 τοῦ
1047 1328 1091 1410 μὴ
1119 1336 1267 1412 παρεῖναι
1291 1331 1343 1394 τὸν

192 1501 196 1514 .
246 1431 469 1510 ἀντιβαίνοντα
494 1430 777 1516 Καντακουζηνόν,
798 1422 848 1493 ότε
871 1428 909 1512 δὴ
932 1428 986 1494 καί
1006 1432 1129 1511 πρῶτον
1150 1433 1388 1514 ε’πιφυεῑσαν10
1446 1427 1450 1433 ’

246 1537 290 1620 τῷ
312 1535 445 1619 καθαρῷ
473 1536 549 1619 ληίφ
579 1528 636 1614 τὴυ
655 1530 748 1595 νόσον
770 1533 889 1612 ἐκείνην
918 1532 951 1607 ἐξ
974 1531 1072 1614 ου’τῆς
1100 1527 1187 1608 ἔδοξε
1207 1536 1344 1612 τέμνειν,

246 1631 290 1707 οός
311 1629 408 1714 ἔλεγε,
431 1627 581 1714 βλάστας.
632 1630 741 1696 τοῦτόν
771 1654 868 1716 φησιν
891 1632 1062 1696 α’κελίττειν
1083 1656 1118 1696 τε
1137 1635 1267 1709 ἐκεῖνον,
1288 1634 1345 1698 καί

246 1728 314 1813 όμα
348 1730 406 1806 τός
437 1730 627 1818 όπογραφός
655 1733 709 1816 τῆς
746 1725 970 1818 όμοφροσόνης
1001 1732 1155 1797 δεικνόειν
1181 1736 1244 1796 ειόν
1276 1731 1343 1801 όσσι

245 1837 299 1918 τῆς
323 1833 480 1917 ἐπαρχίας
502 1830 621 1896 ἐκείνου
645 1833 856 1916 τυγχόνουσιν
880 1826 965 1908 όντες
982 1837 1146 1899 ἐπίσκοποι
1169 1835 1223 1899 καί
1245 1859 1345 1919 πρεσ-

244 1931 387 2017 βότερσι,
412 1937 466 1997 καί
486 1929 554 1997 ὅσοι
566 1939 629 1998 τῶν
652 1928 755 2011 όλλοος
780 1932 921 2016 λογάδων
941 1932 997 2010 τός
1011 1933 1140 2018 γνιόμας
1161 1931 1243 2020 ἦσαν
1265 1963 1345 2021 συγ-
1355 1961 1389 2014 15

116 2044 198 2100 ttoo
208 2044 235 2100 b.
245 2037 393 2116 κείμενοι.
409 2037 433 2074 ”
446 2032 569 2109 τούτοις
592 2033 772 2119 ὁμόφρονος
785 2039 841 2100 καί
852 2041 911 2101 rori
923 2041 978 2120 τῆς
1000 2036 1234 2120 Ἀλεξανδρείας
1258 2036 1344 2122 ἔλεγε

245 2134 455 2219 πεπειρᾶσθαι
479 2138 636 2220 προέδρου
659 2132 719 2200 σόν
733 2161 768 2220 γε
783 2146 848 2212 τοῖς
869 2136 922 2200 ὑπ’
944 2136 1030 2222 αὐτῷ
1049 2134 1249 2201 παντάπασιν
1271 2141 1346 2203 ε’πι-

245 2236 395 2321 σκόποις,
423 2237 479 2301 καί
508 2233 574 2317 ἅμα
604 2237 660 2301 τοῦ
680 2241 853 2322 τηνικαότα
873 2238 930 2320 τόν
958 2241 1021 2303 τεόν
1038 2237 1269 2321 Ἱεροσολύμων
1291 2241 1346 2304 ε’κ-

245 2339 378 2422 κλησιάν
399 2340 570 2412 διέποντος.
625 2337 679 2402 καί
707 2339 814 2414 όπλῶς
846 2335 982 2424 ἔφασκεν
1015 2331 1096 2402 εἶναι
1117 2340 1238 2422 μηδένα
1263 2330 1289 2429 ᾧ
1311 2339 1346 2404 τό

247 2441 398 2519 ε’πιτιμόν
422 2440 609 2518 Βυζαντίοις
640 2443 694 2521 τῆς
724 2436 757 2502 όν
780 2446 849 2520 Ιτοῖς
880 2431 982 2514 οότως
1015 2435 1173 2522 ἀκινήτοις
1197 2439 1391 2524 εόκολίαςφρ

207 2541 307 2608 aeda
328 2533 367 2623 ἦν
391 2536 451 2604 α’νό
484 2537 598 2621 στόμα.
650 2537 703 2605 τόν
732 2542 761 2603 δ’
782 2537 1021 2620 Ἀλεξανδρείας
1051 2539 1107 2604 καί
1126 2543 1180 2623 τῆς
1204 2545 1346 2627 φυσικῆς

249 2637 414 2724 ἐθαύμαζε
436 2638 523 2721 μάλα
545 2645 711 2724 συνέστιος,
732 2638 867 2725 βεβηκός
889 2639 1026 2725 ἐχούσης
1045 2637 1080 2706 τό
1106 2643 1270 2723 ἐμβριθές,
1291 2645 1347 2707 καί

250 2731 324 2804 οότε
346 2740 425 2827 πρός
444 2743 569 2826 αἀρίαν
590 2745 773 2829 φιλοτιμίας
794 2740 914 2830 ῥᾳδίως
936 2741 1162 2823 ἐλαυνόμενον,
1185 2732 1257 2804 οὔτε
1281 2739 1346 2824 μὴν

244 3044 353 3110 niteret,
373 3059 468 3109 nemo,
488 3046 552 3114 quin
570 3044 689 3112 benigne
708 3059 767 3095 eum
794 3043 932 3109 exciperet
951 3050 978 3094 et
998 3042 1119 3096 certatim
1147 3041 1292 3094 honoraret
1316 3059 1348 3094 ac

244 3132 326 3170 verae
345 3116 407 3168 lidei
426 3116 585 3166 concordiae
604 3115 744 3166 manifesta
761 3115 874 3182 pignora
893 3113 976 3164 deret.
1013 3121 1068 3165 tum
1085 3114 1163 3166 etiam
1180 3113 1348 3166 Antiochiae

245 3185 399 3255 patriarcba
418 3187 544 3253 scriptum
563 3194 662 3237 tomum
682 3184 808 3252 protulit,
828 3186 873 3254 qul
893 3181 1097 3237 consensionem
1125 3184 1291 3238 orthodoxae
1318 3194 1345 3238 et

186 3293 188 3310 .
248 3257 393 3310 communis
412 3265 519 3308 nostrae
541 3257 602 3308 lidei
629 3256 801 3320 continebat,
827 3255 956 3307 Palamam
976 3271 1043 3308 vero
1064 3263 1093 3306 ut
1110 3258 1200 3324 spuria
1229 3265 1255 3308 et
1281 3270 1349 3323 pro.

200 3359 207 3370 ·
250 3329 312 3380 lana
333 3328 456 3394 dogmata
475 3327 644 3379 inducentem
665 3343 698 3378 cx
716 3328 759 3379 dei
780 3326 896 3379 ecclesia
917 3327 1096 3378 eliciebat-
1124 3336 1221 3379 tomum
1241 3328 1350 3380 scilieet

248 3398 335 3462 illum,
351 3411 428 3465 quem
447 3405 641 3464 composuerat,
662 3413 741 3466 quum
759 3398 884 3464 Byzantii
903 3399 1008 3449 audiret
1027 3406 1053 3449 et
1070 3398 1209 3450 adiuvaret
1221 3397 1348 3450 loannem

247 3468 423 3540 patriarcham
445 3470 556 3538 eiusque
577 3469 728 3537 episcopor,
748 3471 792 3537 qui
812 3468 965 3537 aliquandiu
985 3470 1139 3536 superiores
1159 3477 1234 3521 eraut
1254 3469 1348 3520 obve-

250 3542 336 3594 ritatis
356 3541 511 3608 vim‚quam
531 3540 710 3592 defendebant
729 3549 756 3592 et
774 3542 845 3609 quod
864 3554 918 3591 non
939 3540 1038 3603 aderat,
1057 3540 1103 3608 qui
1122 3541 1156 3591 iis
1175 3555 1205 3592 se
1224 3555 1348 3608 oppone.

252 3619 304 3676 ret,
324 3611 542 3676 conmonuemus,
563 3625 595 3661 oo
614 3612 737 3662 nimirum
756 3619 896 3678 tempore,
915 3624 968 3677 quo
993 3617 1096 3678 pestem
1120 3611 1197 3662 istam
1229 3612 1256 3662 iu
1280 3625 1348 3679 puro

250 3697 316 3751 agro
338 3683 450 3748 primum
468 3690 681 3734 succrescentem
702 3677 837 3748 cumipse
858 3682 978 3749 germine
999 3682 1192 3746 exstirpandam
1213 3697 1273 3733 esse
1297 3683 1349 3733 de.
1411 3681 1413 3688 “

252 3761 353 3806 cretum
373 3760 422 3803 est.
460 3752 512 3802 boc
529 3760 600 3804 tomo
622 3752 732 3804 evoluto
753 3768 812 3804 eum
831 3753 869 3803 ait
890 3751 1039 3804 ostendisse
1065 3753 1144 3802 etiem
1169 3752 1349 3820 subscriptio.

251 3840 300 3878 nes
319 3823 498 3875 unanimitatis
512 3823 627 3874 omnium
646 3822 719 3875 illius
737 3825 894 3890 provinciae
914 3823 1100 3889 episcoporum
1120 3830 1147 3873 et
1172 3823 1349 3889 presbytero.

252 3911 309 3948 rum
327 3902 407 3962 atque
430 3894 543 3945 aliorum
564 3893 771 3946 lectissimorum
784 3896 912 3956 virorum,
931 3895 977 3960 qui
997 3894 1025 3944 in
1043 3894 1280 3946 eademseutentia
1291 3903 1349 3946 sta.

252 3975 321 4020 rent.
366 3966 459 4017 eodem
484 3980 565 4017 sensu
584 3965 718 4032 praeditos
738 3973 765 4015 et
782 3965 962 4017 Alexandriae
980 3963 1130 4031 praesulem
1149 3981 1207 4017 cum
1227 3966 1353 4018 omnibus*

256 4036 389 4105 episcopis
409 4036 433 4085 ei
453 4035 565 4088 subditis
585 4043 611 4087 et
634 4051 703 4099 eum,
722 4037 767 4103 qui
786 4043 839 4087 tum
849 4034 1095 4102 Hierosolymorum
1115 4036 1282 4103 gubernabat
1301 4053 1350 4089 ec.

255 4108 376 4172 clesiam,
396 4122 426 4158 se
445 4114 581 4174 expertum
600 4122 659 4159 esse
678 4107 744 4157 dixit
762 4114 841 4174 atque
863 4108 1113 4158 omninoneminem
1132 4107 1226 4171 luisse,
1246 4109 1352 4161 cuinoa

256 4177 432 4247 reprehensio
451 4177 670 4244 Byzantinorum
690 4178 760 4246 quod
779 4179 806 4229 in
825 4178 904 4229 rebus
923 4185 975 4228 tam
996 4178 1202 4232 immutabilibus
1220 4187 1293 4230 tanta
1309 4179 1352 4230 le-

260 4252 470 4314 ritatsesseat,
489 4249 517 4300 in
531 4262 579 4301 ore
604 4262 709 4316 semper
735 4249 838 4306 ruisset
882 4246 1061 4302 Alexandriae
1087 4257 1176 4303 autem
1202 4249 1354 4318 praesulem
