2880 4910
126 325 335 430 auronum
362 362 622 432 numanum
637 365 735 432 xxx.
759 348 1002 433 107-110.
1061 348 1131 430 τοι

66 523 142 601 εδδδς
169 525 222 591 καί
248 529 420 595 ἀντίπαλον
457 533 514 613 τῆς
535 529 655 593 ἐκείνου
668 525 883 624 νβλασφήμου
916 527 1054 611 γλυδττης
1081 527 1136 590 κατ’

6 637 7 690 ἒ
66 627 318 712 ἀπεραντολογίας.
336 625 470 711 “ἕχομεν
490 631 525 694 di
546 629 600 694 κατ’
618 625 674 712 την
693 633 828 710 μιμησιν
849 629 893 702 τίς
913 626 987 704 τοάς
1009 625 1136 702 δείσας’
1145 631 1230 685 10⁰

6 759 7 764 ¹
65 723 161 811 ἔφησεν
178 727 336 804 ιιἐκείνους
369 733 543 814 φωστῆρας
572 733 627 794 καί
647 730 858 805 διδασκάλους
878 734 941 813 ζτῆς
972 729 1136 812 ἐκκλησίας

64 826 223 910 ἀνενεγκεῖν,
249 834 314 894 κατ’
337 829 498 909 Εάνομιόυ
514 831 616 895 τιάλαι
639 834 844 916 φερομένους.
889 832 945 916 τῆς
968 829 1030 914 γὰρ
1053 831 1137 894 ἐκεί·
1176 841 1183 853 ’

6 925 8 1006 λ
47 946 106 998 ενου
125 927 323 1010 καταγνόντες
357 930 564 1014 ἀναλγησίας,
590 934 756 1005 Βασίλειος
783 932 842 1010 μὲν
866 929 1001 1013 ὁμδγας
1018 929 1137 1018 ’ἐοίκα-
1210 943 1227 992 ’.’

6 1027 8 1094 ἱ
62 1028 115 1104 μετ’
133 1031 209 1110 φησί
226 1027 293 1094 ‘aad
326 1029 383 1114 τὴν
416 1027 609 1112 αολλήν’τη“ς
642 1029 789 1110 ἀσεβείας
821 1028 985 1113 ἐνάργειαν
1007 1031 1138 1110 ἀαορεῖν

63 1119 159 1211 λόγον,
180 1126 234 1192 καί
263 1131 320 1192 ουίι
355 1128 440 1212 ἔχειν
462 1133 528 1205 πῶς
548 1134 601 1214 τῆς
623 1133 751 1212 α’λογίας
780 1131 885 1193 adroic
907 1127 1138 1209 καθαψδμεθα,

6 1259 8 1292 ι
62 1221 125 1290 o‘t'ors
143 1253 194 1308 μοι
220 1233 352 1296 δοκοῦσι’
375 1255 406 1296 τι
431 1233 608 1315 κερδαίνειν
632 1231 717 1312 napa*
744 1230 802 1314 την
825 1223 965 1313 ἄγνοιαν.
1012 1229 1054 1302 ὥς
1074 1226 1134 1309 γάρ

6 1343 7 1348 ’
63 1327 91 1389 rai
109 1333 228 1408 μαλακὰ
252 1336 308 1396 καί
336 1329 500 1396 ὑπείκοντα
533 1333 597 1395 τῶν
620 1330 775 1411 σωμάτων
802 1335 846 1420 τῷ
876 1311 1137 1412 μηοέχειιάντέ-

6 1509 8 1516 Α
34 1451 146 1508 τρρεισιν
165 1433 224 1496 oriar
247 1431 314 1497 ἔστι
337 1434 485 1516 γενναίαν
518 1431 575 1516 την
603 1433 723 1515 νιληγην
757 1435 913 1513 ἐνεγκεῖν,
938 1428 1037 1505 οὕτως
1060 1427 1136 1490 ου’δὲ

6 1563 8 1630 η
61 1531 109 1594 τῶν
125 1535 288 1617 προδήλων
307 1535 352 1609 εἰς
367 1557 476 1598 αναιαν
493 1533 628 1596 δυνατὸν
651 1535 767 1622 ἐλέγχῳ
784 1535 913 1620 νεανικῷ
934 1532 1137 1596 καθικέσθαι.

6 1637 7 1654 *
61 1634 180 1698 λα’τιετατ
199 1628 258 1699 οδν
280 1636 384 1722 σιωπῇ
405 1633 438 1700 τδ
462 1631 634 1715 βδελυκιδν
656 1634 762 1698 ariscio
785 1637 839 1716 τῆς
862 1633 1010 1713 ἀσεβείας
1031 1652 1137 1712 τιαρα-

6 1787 7 1796 ,
61 1730 190 1813 incartet
234 1740 265 1800 Γ
264 1732 410 1821 ρηγόριος
444 1736 473 1798 δ’
505 1728 640 1809 αδδις·“δ
667 1739 863 1815 Νυσσαέται,
885 1737 950 1799 κατ’
973 1733 1234 1813 Εάνομιόυιιο

60 1835 212 1914 φερόμενος
236 1840 293 1902 καί
321 1835 416 1910 αάτδς
441 1835 496 1901 καί
515 1836 571 1900 τὸν
599 1834 698 1901 αάτδν
726 1837 874 1925 τάδελφῷ
895 1833 1137 1917 σταδιοδρομεῖν

31 1933 179 2019 tritoitae,
198 1937 316 2013 εκαλαῖς
338 1931 378 2002 ἀν
400 1934 482 2020 ἔχει’.
503 1936 585 2024 φησί
604 1939 720 2026 ισεαυτῇ
740 1940 862 2018 μᾶλλον
884 1936 938 2001 eda
954 1935 1047 2018 λόγον
1065 1936 1138 2016 dds·

59 2028 194 2112 λδξασθαι
233 2042 289 2104 κατ’
316 2036 457 2121 pinam
489 2039 527 2105 τά
551 2031 618 2103 niro
642 2047 754 2124 poyeio
782 2036 843 2102 ἀτιό
862 2038 959 2120 ἀκοῆς
980 2033 1139 2118 nonanta?

6 2173 7 2176 =
59 2134 100 2198 ιὀἀ
121 2135 238 2214 τούτοις
263 2139 280 2203 δ
302 2135 453 2221 βασιλεύς
476 2162 509 2203 τε
533 2139 649 2223 ἀνέστη
681 2135 770 2203 aoid
794 2138 943 2220 σύλλογος
966 2139 1136 2200 διελέλυτο.

58 2236 82 2298 tt'
96 2239 126 2302 dd
146 2239 202 2305 καί
221 2243 315 2325 &repo
337 2240 435 2306 πλείω
454 2241 575 2321 μεταξύ
600 2244 777 2326 λαληθέντα
800 2235 886 2320 rcapti
910 2239 966 2301 τοῦ
980 2238 1137 2315 Παλαμᾶ,

59 2339 131 2420 σιγῆς
162 2338 354 2425 ὑπάρχοντα
387 2341 442 2406 καί
469 2343 509 2405 ου’
538 2342 664 2425 μνήμης
696 2341 837 2407 οάδδιιοτ’
867 2338 1020 2420 οάδεμιιῖς
1052 2331 1137 2418 ἀξια,

29 2439 116 2525 λλσιγῇ
135 2446 413 2527 οαρετιάμφδηοαν
431 2429 491 2507 καί
509 2437 608 2530 ταύτῃ
629 2447 669 2531 τῇ
689 2437 852 2529 διηγῄστι,
873 2442 1052 2526 μεμφὲσθιυ
1073 2465 1138 2524 μη-
1204 2446 1209 2460 “

58 2537 124 2612 δείς·
170 2540 300 2624 τιεριττά
341 2542 403 2624 γάρ
433 2539 488 2608 κατ’
519 2543 678 2625 δσιβλαβῆ
710 2544 766 2606 καί
794 2543 1051 2626 συμπεφυρμένα
1084 2544 1261 2612 καιῚ.154τ.

56 2639 243 2726 βλασφημίας
271 2646 474 2730 παντοδαπῆς
505 2645 560 2706 κατ’
578 2645 720 2728 πρικίλης
756 2642 936 2725 ἀνάμεστα,
958 2644 1080 2722 μᾶλλον
1101 2642 1137 2705 dt
1210 2659 1229 2720 J

55 2739 137 2823 χείρω
157 2739 360 2810 παντάπασιν
390 2739 412 2827 η“
445 2746 579 2810 ναυτιᾶν
610 2735 694 2827 ’σ’ντα,
715 2743 782 2808 oo'd’
810 2743 904 2827 ἀκοῆς
924 2743 1000 2826 γοῦν
1020 2744 1138 2825 μικρᾶς

56 3084 130 3139 neque
149 3075 202 3126 iarn
222 3071 297 3126 iliius
318 3074 495 3143 ignorantiam
515 3073 677 3139 excitarent,
704 3073 762 3126 fore
787 3079 816 3124 ut
835 3071 912 3124 etiam
930 3069 1032 3124 beilum
1049 3071 1138 3134 statim

57 3149 77 3192 et
92 3145 223 3212 oppositio
241 3145 316 3197 iilius
331 3143 440 3214 linguae
459 3146 636 3198 conviciantis
652 3153 679 3197 et
695 3144 867 3214 loquacitatis
887 3143 1049 3195 desinerent.
1071 3157 1138 3209 pos.

56 3228 130 3266 snmus
150 3218 229 3267 etiam
259 3217 433 3270 imitationem
458 3219 490 3271 ad
507 3218 633 3282 divinos,
659 3217 755 3288 inquit,
775 3221 965 3283 praeceptores
985 3221 1012 3266 et
1037 3213 1138 3265 lumina

58 3281 175 3339 ecclesiae
194 3287 300 3338 reterre
320 3296 411 3340 contra
431 3289 588 3342 Eunomium
612 3288 787 3340 invehentes:
814 3302 872 3339 cum
902 3286 972 3337 enirn
991 3282 1066 3336 iliius
1083 3285 1137 3335 im.

57 3357 193 3419 pudentiam
215 3367 430 3426 cognoscerent,
455 3360 571 3412 Basilius
599 3375 724 3429 magnus,
744 3360 880 3422 ridemur,
906 3358 1008 3426 inquit,
1027 3363 1138 3423 propter

56 3427 149 3480 multam
168 3431 313 3497 impietatis
332 3432 549 3498 perspicuitatem
565 3432 655 3484 verbis
675 3446 768 3484 carere
784 3445 873 3498 neque
892 3428 992 3481 habere
1004 3427 1136 3496 quomodo

56 3497 172 3552 insaniam
192 3515 283 3553 eorum
302 3508 450 3571 tangamus,
475 3504 513 3555 ita
531 3510 559 3554 ut
580 3504 692 3555 fructum
718 3516 815 3568 capere
834 3509 941 3568 praeter
962 3499 1137 3568 ignorantiam
1240 3534 1243 3543 .

56 3569 110 3621 nihi
128 3574 278 3625 rideantur.
309 3582 339 3625 ut
357 3574 426 3625 enim
446 3574 538 3626 mollia
556 3581 582 3626 et
600 3575 762 3634 remittentis
782 3587 909 3640 corpora,
931 3573 994 3640 quia
1011 3571 1139 3622 resistere

56 3653 249 3710 conpensant,
274 3645 371 3698 iustam
400 3645 497 3698 vuinus
517 3647 641 3713 accipere
659 3651 813 3713 nequeunt,
842 3645 878 3694 ita
897 3658 985 3710 neque
1004 3656 1050 3694 eos
1069 3654 1140 3708 qno-

56 3726 104 3764 rura
120 3716 271 3784 ignorantia
293 3725 334 3768 est
352 3725 443 3785 aperta
462 3725 491 3770 ut
509 3725 664 3785 argumento
681 3715 783 3786 ingenti
797 3723 935 3782 tangamus
948 3711 1012 3766 'fieri
1032 3719 1139 3780 potest3

57 3783 205 3854 relinquitur
222 3789 315 3856 igitur,
335 3796 365 3840 ut
382 3789 545 3857 impietatem
566 3805 656 3842 eorum
675 3789 792 3840 odiosam
812 3785 921 3839 silentio
942 3784 1140 3851 praetermitta-

56 3866 114 3908 mus.
149 3873 240 3910 rursus
260 3867 347 3911 autem
361 3861 505 3929 Gregorius
518 3860 653 3928 Nyssaeus
672 3861 699 3911 in
711 3859 868 3912 Eunomium
887 3856 1018 3924 invehens
1037 3861 1063 3906 et
1081 3855 1140 3920 ipse
1217 3877 1219 3893 ·

55 3923 167 3996 idemque
189 3945 249 3980 curn
270 3931 351 3984 fratre
370 3947 480 3984 currens
505 3934 636 3996 stadium,
668 3931 807 3983 honestum
828 3934 885 3993 est,
903 3928 1010 3995 iuquit,
1031 3924 1139 3977 silentio

56 3998 135 4066 potius
154 4015 290 4052 sermones
322 4003 410 4054 odisse
436 4011 462 4054 et
480 4002 586 4055 auribus
611 4002 739 4054 obturatis
761 4001 924 4052 auditionem
950 4000 1072 4054 miseram
1095 3996 1139 4046 iu.

56 4081 122 4134 gere.
158 4071 189 4122 ad
209 4070 276 4122 hace
299 4089 348 4126 rex
373 4075 520 4126 assurrexit
544 4081 571 4125 et
595 4080 742 4126 conventus
760 4071 850 4124 finitus
870 4077 919 4122 est.
965 4068 1059 4139 quodsi
1087 4065 1140 4118 aiia

56 4153 154 4207 quoque
175 4139 253 4208 plura
271 4151 410 4210 praeterea
427 4145 497 4196 dicta
515 4161 530 4197 a
549 4143 670 4209 Palama3
689 4159 757 4212 qnae
777 4142 887 4196 silentio
914 4141 1033 4194 subiecta
1051 4151 1140 4206 neque

57 4208 105 4260 ulia
122 4227 237 4280 uuquam
257 4216 384 4267 memoria
404 4217 572 4284 digua'sunt,
592 4217 668 4267 etiam
692 4215 845 4267 narratione
863 4213 913 4264 hac
932 4211 1040 4266 silentio
1059 4221 1139 4275 prae.

58 4284 169 4339 taraiasa
187 4287 344 4352 anamma
374 4285 425 4346 hoc
444 4287 640 4354 reprehendam
659 4299 858 4354 supervacanea
882 4286 949 4337 enirn
971 4287 998 4335 'ot
1014 4281 1095 4334 noxia
1114 4282 1142 4332 et
