2992 4918
194 373 196 376 ·
261 360 307 432 ιν
557 360 780 428 nicaenum
812 359 1042 428 canaonas

159 522 164 528 ¹
259 529 321 594 νιόν
342 527 463 594 Λίνδον
483 520 642 609 ’ίηλοοσόν
660 546 693 586 τε
717 521 773 587 καί
792 518 970 606 ἀργινόεντα
994 519 1174 608 Κάμειρον,
1198 513 1243 589 οἷν
1263 522 1282 608 ἦ
1300 524 1355 588 τού

259 628 497 713 Μελησιγενούς
516 617 654 708 Όμηρον
670 619 831 708 μέμνηται
847 619 1024 710 Καλλιόπη.
1046 626 1209 710 πρόσοικοι
1230 628 1256 690 δ’
1273 618 1355 710 ἦσαν

257 732 297 817 τῇ
317 727 411 816 νήσῳ,
434 724 467 793 τό
487 733 629 816 πλεῖστον
643 727 750 809 εἰπεῖν,
769 725 932 813 όμόφνλοί
945 739 986 791 τε·
999 726 1073 810 ἡμῖν
1095 731 1152 792 καί
1173 724 1229 810 τὴν
1249 732 1355 792 πίστιν

233 823 445 914 ,ύρδόδοξοῃ
468 829 533 892 ‘nal
562 825 660 915 ταύτῃ
683 825 721 911 δη
757 829 793 914 τῇ
822 829 894 891 καθ’
928 829 1010 911 ἡμᾶς
1036 826 1159 894 Ἑλλάδι
1196 824 1355 914 χροόμενοι

258 933 367 1017 φωνῇ·
410 933 521 1005 παῖδες
543 929 604 1013 γάρ
628 932 691 995 εἰσι
712 931 775 993 τοῖν
799 928 837 992 ον’
860 927 941 994 πάνυ
971 926 1032 1013 πρό
1054 929 1178 1013 μακροῦ
1200 925 1380 1010 remed-5

256 1054 318 1095 των
341 1030 466 1094 ἐκείνων
490 1030 636 1112 α’νδροόν,
671 1029 706 1094 οδ
725 1036 865 1094 ’πλείστα
885 1031 944 1111 μὲν
968 1028 1179 1112 ἠγωνίσαντο,
1201 1031 1356 1104 Λατίνοις

256 1128 434 1212 μαχόμενοι
455 1127 606 1214 τριήρεοί
619 1153 652 1194 τε
670 1129 726 1195 καί
746 1114 851 1205 όπλοις
872 1127 1080 1214 παμπόλλοις,
1093 1126 1150 1214 την
1172 1127 1288 1215 ἔφοδον
1307 1129 1355 1193 ἐπ’

136 1231 156 1288 l.
173 1232 208 1288 ot
220 1234 246 1288 b.
257 1229 375 1312 αύτούς
396 1235 614 1311 ποιουμένοις,
629 1234 653 1272 ’ί
666 1230 851 1317 ἡττήθησαν
866 1232 901 1295 δὲ
923 1233 963 1295 δι’
976 1227 1142 1316 ὀλιγότητα
1158 1233 1213 1294 καί
1234 1225 1358 1294 ύπετά-

254 1354 356 1416 γηοον
378 1323 523 1417 ,ἄκοντες
574 1322 619 1396 ὧν
646 1327 722 1422 ἔνιοι
754 1333 813 1396 κάν
844 1333 940 1415 γηραι
975 1333 1072 1408 ζοόοιν
1092 1327 1139 1395 ἔτι
1158 1334 1275 1413 βαθεῖ,
1300 1330 1357 1416 τῆς

256 1436 330 1517 πρίν
349 1454 382 1496 τε
406 1430 613 1513 εύδοιιμονίας
634 1434 687 1497 olet*
708 1435 913 1517 μεμνημένοι,
935 1429 990 1496 καί
1010 1429 1149 1516 διήγημα
1172 1433 1274 1496 ταύτα
1290 1438 1357 1508 τοῖς
1367 1434 1402 1488 10

255 1536 409 1617 παριούσι
429 1533 492 1595 τῶν
518 1534 613 1610 ξένων
640 1528 701 1616 ἡδύ
729 1536 953 1616 προτιθέντες,
975 1534 1009 1598 οἳ
1029 1557 1080 1597 και
1077 1534 1275 1613 δυστυχεῖν
1297 1535 1358 1613 μίν

256 1657 323 1710 πιος
347 1631 453 1715 ἔλεγον
475 1623 524 1695 ότι
542 1630 637 1717 ζυγόν
660 1635 846 1718 ἐλευθερίας
879 1633 1052 1718 ἠλλάξαντο
1076 1631 1237 1738 δούλειον,
1254 1634 1355 1703 τοτο-

254 1742 326 1817 χείν
346 1737 375 1798 δ
392 1726 508 1851 άλλως,
535 1737 692 1815 πολεμίων
710 1735 770 1815 μὲν
793 1759 905 1818 ηκιστα
928 1732 1048 1812 ἔξωθεν
1064 1717 1205 1818 ἐνοχλεῖν
1223 1732 1268 1817 μη“
1295 1736 1356 1797 δο-

255 1837 400 1916 ναμένεον
428 1858 486 1917 την
507 1857 601 1920 νησον
623 1831 690 1920 ἔτι,
720 1831 775 1900 διε
809 1840 870 1900 τῶν
900 1841 954 1921 τῆς
975 1831 1073 1919 νόσον
1101 1834 1300 1919 κρατούντων
1320 1840 1356 1900 ἐν

257 1929 365 2010 ότιλοις
398 1937 453 2020 ζῆν
475 1933 652 2016 εἰωθότων,
673 1931 774 2001 και““
756 1961 817 2002 oon
839 1940 884 2015 εἰς
905 1937 1040 2018 πόλεμον
1070 1934 1223 2022 ἐπεφύκει
1246 1940 1355 2021 ε’πιτη-
1367 1939 1401 1994 15

257 2035 409 2119 δεύματα,
433 2035 488 2102 καί
508 2032 575 2119 ἅμα
597 2038 747 2118 εύνομίοις
776 2043 807 2104 όν
830 2041 962 2123 οίγοραῖς
992 2036 1047 2102 καί
1073 2039 1175 2112 δίκαις
1196 2040 1355 2103 ἐπιπολα-

258 2142 372 2224 ζούσης
394 2142 432 2228 τῇ
453 2135 546 2228 adop,
571 2143 750 2216 πλεονεξίας
772 2138 913 2224 α’τιούοης
932 2139 975 2215 τός
997 2136 1035 2204 τό
1058 2137 1175 2220 πολλά,
1196 2142 1252 2203 κατ’
1273 2139 1355 2224 πρός

256 2239 380 2318 τούτοις
403 2234 442 2304 εδ
464 2236 764 2332 ε’χύντωνμριίοεως
784 2240 888 2326 α’ίρων
907 2240 1071 2322 λαχόντων
1100 2239 1158 2325 την
1178 2243 1285 2324 νῆσον,
1308 2238 1356 2304 ἔτι

258 2365 292 2406 τε
322 2343 457 2423 λιμένων
484 2341 539 2405 καί
568 2347 707 2425 νεωρίων
735 2343 895 2426 παγκάλην
920 2338 1060 2424 ἑχόντων
1092 2341 1149 2424 τὴν
1170 2344 1280 2422 θέσιν,
1301 2343 1358 2405 καί

258 2440 377 2518 πάντας
401 2441 479 2524 μετά
502 2441 664 2530 ῥοστιύνης
684 2441 928 2524 ὑποδεχομένων
941 2439 1018 2518 τούς
1032 2438 1223 2525 ύθενδηποτε
1243 2443 1357 2527 χρείας
1367 2460 1403 2516 20

257 2545 429 2626 όμπορικνῖς
460 2544 667 2627 καταίροντας
689 2541 779 2608 ἕνεκα
793 2593 801 2623 ,
834 2541 878 2619 ὥς
904 2542 1051 2626 γίνεσθαι
1085 2543 1138 2609 διά
1172 2547 1276 2608 ταῦτα
1298 2541 1356 2626 τόν

258 2646 318 2734 τοῖν
341 2646 441 2708 ω’νίων
469 2645 579 2729 χρείαν
613 2645 844 2730 α’φθονωτέραν
875 2645 1038 2719 πλουσίοις
1061 2643 1116 2708 καί
1136 2646 1267 2729 πένησι,
1302 2642 1359 2708 καί

256 2747 326 2826 βίον
348 2743 572 2831 α’τιιλαίνιωρον
591 2737 681 2829 ,ἄγειν
701 2741 776 2820 τούς
800 2747 1044 2830 προσοικοῦντας
1071 2746 1231 2818 ε’ντεύθεν,
1271 2746 1356 2810 εἰδὲ

257 3003 286 3055 in
304 3015 357 3071 quo
378 3016 489 3053 numero
512 3016 572 3053 esse
595 3017 629 3054 ex
641 3001 748 3054 indiciis
765 2999 920 3070 quibusdam
940 3000 1095 3068 suspicabar
1113 2999 1224 3054 Lindum
1240 2997 1357 3067 Ialysum

258 3081 286 3126 et
307 3073 483 3140 splendidam
493 3073 639 3137 Camimm,
659 3087 768 3142 quarum
795 3072 898 3123 urbium
918 3071 1026 3123 Homeri
1044 3071 1218 3141 blelerigenis
1238 3073 1358 3124 meminit

259 3145 390 3212 Calliope.
418 3143 525 3195 incolae
543 3143 648 3195 insulae
672 3152 746 3194 crant
767 3144 878 3210 maxima
900 3150 1026 3210 exparte
1048 3145 1133 3194 nostri
1154 3143 1297 3211 populares
1313 3150 1357 3194 at.

259 3233 311 3299 qpc
334 3216 498 3268 orthodoxae
519 3216 590 3280 fidei,
612 3223 756 3282 nostraque
778 3205 997 3266 utunturGraeca
1018 3214 1119 3282 lingua.
1157 3215 1359 3270 liliienimsunt

259 3288 376 3340 virorum
399 3287 505 3337 illorum
509 3288 574 3354 ,qni
596 3286 692 3338 abhinc
710 3300 764 3337 non
785 3281 914 3355 italongo
931 3294 1052 3354 tempore
1064 3287 1203 3350 interiere,
1226 3296 1358 3372 olquam-

259 3374 336 3427 quam
357 3358 508 3429 pintima
493 3359 637 3410 certamina
658 3358 784 3411 serebant
808 3373 866 3408 cnm
890 3358 1000 3422 Latinis,
1021 3359 1066 3427 qui
1087 3323 1238 3410 triremibus
1260 3361 1357 3413 armis-

258 3446 311 3499 que
328 3429 418 3481 multis
441 3445 487 3481 eos
502 3411 712 3493 adoriebantur,
741 3430 775 3480 ob
797 3430 958 3496 paucitatem
979 3437 1066 3480 tamen
1087 3429 1230 3481 inferiores
1252 3431 1358 3482 disces-

258 3517 319 3554 sere
340 3509 366 3551 et
387 3516 447 3552 sese
465 3502 544 3554 inviti
562 3501 712 3553 subiecere.
758 3515 848 3551 eorum
868 3499 991 3552 nonnulli
1010 3502 1189 3568 praegrandes
1217 3509 1280 3554 natu
1308 3503 1358 3554 ad-

259 3573 310 3624 buc
332 3574 360 3622 in
378 3573 448 3624 vivis
462 3579 532 3638 sunt,
549 3574 678 3640 pristinae
693 3572 831 3625 felicitatis
852 3583 984 3640 nunquam
1001 3587 1055 3624 non
1073 3588 1213 3637 memores,
1232 3581 1258 3625 et
1274 3588 1359 3639 pere.

259 3644 359 3713 grinis,
382 3644 428 3711 qni
449 3643 516 3695 illuc
539 3651 678 3697 transeunt
699 3645 818 3696 suaviter
840 3644 906 3695 baec
929 3652 1067 3706 enarrant,
1097 3644 1125 3694 hi
1146 3644 1270 3698 dicebant
1297 3661 1359 3698 sese
1394 3662 1401 3668 ·

260 3716 365 3783 quidem
387 3714 510 3766 infelices
532 3731 612 3780 esse,
638 3717 736 3784 quod'
729 3731 820 3784 rugum
842 3717 979 3768 servitutis
1008 3730 1066 3766 cum
1090 3716 1215 3768 libertate
1236 3731 1358 3769 commn-

259 3793 369 3850 tassent,
389 3794 503 3837 attamen
520 3787 646 3854 ahoquin
657 3787 725 3839 bona
743 3789 848 3838 fortuna
866 3789 914 3851 uti,
937 3787 1007 3856 quod
1030 3789 1134 3839 externi
1155 3787 1256 3853 hostes,
1278 3804 1359 3857 quum

258 3857 364 3909 insulae
381 3857 508 3909 domini'
500 3872 528 3909 ru
549 3859 628 3910 armis
649 3847 811 3928 studiisque,
834 3873 902 3926 quae
924 3859 956 3910 ad
979 3857 1090 3911 bellum
1097 3860 1241 3926 pertinent,
1261 3861 1359 3915 rivere

259 3931 358 3981 assueti
377 3937 481 3992 essent,
503 3943 557 3981 non
579 3930 690 3997 amplius
711 3931 839 3982 infestare
860 3929 973 3982 insulam
992 3938 1110 3996 possent,
1133 3939 1159 3981 et
1180 3931 1250 3999 quod
1270 3931 1359 3982 bonae

258 4000 382 4068 lepesin
406 4000 471 4052 loris
492 4001 651 4069 iudiciisque
665 4001 768 4053 insulae
787 4010 969 4064 versarentur,
980 4001 1093 4052 avaritia
1110 4008 1198 4052 autem
1209 4002 1265 4053 lere
1276 4003 1359 4054 abes

257 4079 307 4123 set.
345 4071 396 4123 huc
417 4072 546 4123 accedere
572 4074 642 4141 quod
662 4074 749 4125 sortiti
778 4081 867 4125 essent
891 4072 1021 4135 insulam,
1048 4087 1116 4139 quae
1138 4074 1268 4140 gauderet
1287 4073 1359 4126 bona

258 4142 329 4193 coeli
347 4145 477 4213 temperie
496 4151 522 4195 et
542 4153 667 4211 portuum
688 4159 719 4196 ac
736 4143 871 4196 navalium
893 4142 1058 4210 praeclarum
1076 4144 1188 4197 baberet
1208 4145 1303 4216 situm,
1325 4153 1355 4196 ut

257 4227 348 4267 omnes
370 4213 450 4266 labile
473 4215 596 4282 accipere
615 4225 725 4282 possent
753 4218 798 4284 qui
819 4223 982 4276 mercaturae
1005 4215 1143 4268 faciendae
1165 4231 1244 4268 cansa
1252 4203 1358 4268 undre-

258 4301 364 4362 cunque
382 4286 546 4341 advenirent.
577 4288 640 4341 inda
672 4289 730 4340 lieri
758 4297 787 4339 ut
807 4302 893 4340 rernm
919 4269 1054 4339 renalium
1076 4283 1188 4341 lacullas
1209 4288 1311 4358 largior
1335 4298 1362 4343 et
