2910 4896
290 361 365 442 258
592 369 817 444 monemur
846 367 1077 440 ermom

293 531 724 614 pertundendum,
753 533 910 618 προδότας
938 535 975 600 δὲ
1001 535 1059 616 τῆς
1080 533 1145 598 sein
1177 528 1307 596 κανόνων
1325 524 1370 594 κατ’

291 631 398 714 νόμιον
418 638 565 714 ἐξουσίας
587 635 663 711 νοός
685 635 876 710 ἐπισκόπους
891 633 947 700 καί
966 637 1046 698 θεοῦ
1067 626 1309 717 καταφρονητάς,
1331 623 1370 694 ότι

291 742 360 808 ταῖς
379 739 561 816 βασιλικαῖς
590 733 774 814 όπείξαντες
805 739 861 802 καί
878 735 1080 820 ,ἡττηθέντες
1108 733 1228 806 α’δίκοις
1255 731 1369 811 δωρεαῖς

292 837 446 916 συνέχεον
467 834 507 899 τό
531 860 564 900 τε
588 838 644 918 τῆς
667 833 835 920 ἐκκλησίας
857 833 1028 920 πράγματα
1055 838 1110 900 κατ’
1130 830 1208 916 πρός
1228 855 1262 914 γε
1284 829 1317 914 δη
1338 825 1369 894 τό

224 940 347 1020 ωτῆς
367 933 502 1018 ἐννόμου
526 936 704 1018 βασιλείας.
758 941 813 1002 καί
841 939 896 1002 ε’πί
921 937 1046 1012 τούτοις
1074 937 1253 1016 α’ναβίματί
1274 955 1303 998 τε
1323 931 1389 994 ου’-ό

183 1113 188 1122 ,
290 1036 366 1113 νοός
387 1042 592 1120 καθνπόβαλε
611 1040 668 1104 καί
688 1042 844 1124 χωρισμῷ
868 1040 957 1104 θεοῦ.
1002 1033 1083 1123 dtr}
1105 1035 1210 1120 συχνὰ
1227 1033 1279 1098 καί
1296 1033 1369 1114 δίκην

289 1141 391 1225 βελιόν
425 1143 460 1205 ἐκ
491 1143 625 1204 Τενέδου
664 1138 852 1221 πεμπόμενα
883 1143 1009 1221 βλέπων
1044 1137 1060 1202 ό
1093 1141 1150 1222 τῆς
1178 1132 1357 1219 πατριαχιιῇ

290 1242 436 1327 ἐξουσίας
456 1233 531 1324 όρτι
554 1243 783 1325 ἐπειλημμίνος
807 1238 963 1317 Κόκκινος
983 1237 1150 1324 ἠγανάκτει
1170 1261 1207 1306 τε
1227 1241 1280 1302 καί
1297 1235 1371 1299 α’ντι-

289 1342 519 1428 μηχανώμενος
541 1343 599 1406 οόκ
617 1342 728 1425 η’μέλει
750 1339 790 1408 τό
814 1341 881 1408 ἴσα.
913 1339 1060 1425 συνάγων
1076 1338 1137 1424 γόρ
1161 1338 1237 1413 νοός
1258 1343 1371 1420 πλησιο·

288 1438 416 1527 χοίρους
437 1441 646 1524 ἐπισκόπους,
676 1445 732 1507 κατ’
755 1438 826 1506 όσοι
844 1445 1010 1531 Βυζαντίῳ
1044 1441 1292 1524 ἐνδιατρίβοντες
1310 1434 1400 1499 iro-ll

287 1568 347 1626 χον
370 1543 625 1627 όπονσδηποτοόν,
641 1548 840 1628 ψηφίσματα
861 1545 1045 1620 ἐξαίνυτο
1067 1544 1122 1608 καί
1137 1543 1287 1620 διέπεμπε
1306 1561 1371 1601 παν·

287 1648 370 1732 ταχῇ
391 1639 574 1724 όναθόματί
591 1668 625 1708 τε
648 1646 703 1708 καί
728 1643 899 1731 ἀφορισμῷ
920 1646 1171 1725 παραπόμνιοντα
1195 1637 1367 1706 indurare.

289 1742 407 1826 ἔπεμπε
430 1747 466 1810 δὲ
489 1745 630 1825 μάλιστα
652 1754 715 1820 τοῖς
747 1736 886 1832 tv'Aep
905 1748 948 1832 τῷ
970 1737 1038 1826 όρει
1065 1741 1240 1825 μονόζουσι
1259 1737 1294 1808 τό
1314 1761 1371 1802 τοι-

290 1849 372 1912 αῦτα
394 1846 597 1929 ψηφίσματα,
618 1851 843 1928 παραγγέλλων
860 1847 913 1910 ε’πί
937 1840 1055 1920 τούτοις
1071 1846 1146 1929 μηδ’
1167 1845 1200 1906 εἰ
1213 1839 1367 1924 βουληθείη

288 1949 363 2028 παρ’
388 1948 527 2022 ἐκείνους
543 1948 657 2032 φοιτᾶν
679 1950 832 2028 δέχεσθαι
847 1950 959 2011 τοῦτον
981 1941 1032 2010 δότ’
1053 1949 1102 2010 ἐπ’
1118 1945 1289 2027 ἐγκλήμασι
1303 1942 1400 2006 nan-tt

289 2055 483 2122 ααλιανικοῑς
512 2047 651 2130 ἐννόμως
682 2052 916 2130 rennuentem
953 2046 1008 2112 καί
1036 2046 1092 2111 οόκ
1113 2050 1285 2126 ἐμμένοντα
1312 2049 1369 2114 ταῖς

290 2149 411 2229 δίκαις,
434 2149 503 2213 ἀλλ’
534 2147 769 2233 οἶρχιερατικιὸς
788 2145 964 2213 ἐπιτάττειν
994 2149 1048 2211 κατ’
1070 2148 1311 2228 ἀναθεματίζειν
1329 2138 1372 2206 κατ’

289 2250 457 2332 ἀφορίζειν
477 2249 764 2332 α’ναιοχυντοῦντοι.
805 2248 910 2331 χρεὸν
928 2243 985 2314 οόν
1008 2244 1062 2313 διό
1083 2247 1186 2314 ταότό
1206 2271 1250 2328 τε,
1272 2243 1320 2310 καί
1337 2239 1370 2312 alt

288 2341 349 2431 ἤδη
379 2353 433 2414 καί
464 2353 643 2440 συνοδικοῖς
675 2348 951 2432 α’ναθεματισμοῖς
980 2349 1231 2414 όποτιεπτοοκότα
1261 2349 1312 2412 καί
1336 2345 1370 2428 τῷ

289 2451 324 2514 ἐκ
337 2453 415 2514 θεοῦ
435 2457 601 2538 χαριομῷ,
623 2445 674 2518 οἷα
698 2452 801 2535 λόμην
815 2454 873 2516 τοῦ
893 2441 988 2534 όρους
1009 2452 1189 2534 όποσοβεῖν.
1377 2439 1401 2497 2⁰

222 2569 277 2624 u
389 2552 472 2616 Ἐπεί
495 2553 530 2616 δὲ
552 2551 590 2616 τό
614 2548 782 2636 πράγματα
804 2555 951 2634 καθάπερ
978 2550 1138 2637 όονρόκου
1155 2542 1371 2633 μεταπεσόντες

156 2661 241 2724 t129
250 2680 278 2722 r.
288 2653 363 2719 νόον
384 2649 460 2737 ἔσχε
479 2653 666 2739 μεταβολήν,
689 2655 746 2718 καί
763 2655 807 2741 epi
834 2653 895 2735 μὲν
918 2655 1087 2741 Καλλίστῳ
1107 2654 1170 2718 τόν
1193 2669 1371 2735 ποτριτρχι·

229 2977 232 2985 ’
287 2974 445 3043 Byzantinis
473 2982 605 3044 quotquot
631 2974 733 3028 illatum
758 2974 810 3028 sibi
830 2981 1026 3044 exaggerarent
1051 2974 1174 3027 inierim
1203 2982 1232 3026 et
1247 2969 1369 3026 moecbun

290 3056 410 3116 apertum
429 3048 520 3100 diceus
539 3046 710 3100 l’bilothenm
729 3047 874 3101 Goecinnm
894 3055 920 3098 et
945 3047 1095 3114 proditores
1114 3047 1256 3112 potestatis
1275 3039 1369 3110 repuls-

288 3135 346 3171 rurn
373 3128 399 3172 et
423 3120 513 3187 legum
545 3121 687 3186 episcopos
718 3126 745 3170 et
767 3120 812 3172 dei
831 3127 1029 3183 contemtores,
1055 3118 1125 3185 quod
1150 3120 1242 3185 regies
1270 3113 1334 3181 copti
1350 3115 1371 3160 ti

289 3192 355 3244 vieti
374 3192 480 3244 iniustis
505 3191 580 3244 donis
604 3191 748 3244 miscerent
778 3198 804 3242 et
824 3190 958 3244 ecelesiae
983 3206 1029 3242 res
1047 3196 1074 3240 et
1105 3188 1220 3256 legitimi
1247 3193 1370 3254 peteteret

288 3263 376 3328 regui.
425 3271 451 3312 et
476 3263 586 3328 iusuper
615 3263 801 3314 exsecratione
828 3262 960 3314 subvertit
985 3276 1031 3312 eos
1058 3266 1085 3310 et
1113 3255 1370 3312 excommunicatione

291 3333 400 3395 divine3
422 3346 490 3399 quae
520 3333 624 3398 quidem
655 3336 781 3385 continue
807 3342 833 3386 et
851 3333 966 3384 telorum
985 3333 1100 3384 adinstar
1130 3347 1164 3382 ex
1183 3331 1287 3382 Tenedo
1305 3327 1370 3377 missi

290 3402 384 3455 videus
406 3404 599 3469 patriarchicae
622 3406 760 3471 potestatis
778 3419 865 3472 nuper
884 3406 1017 3472 particeps
1049 3403 1136 3456 laetus
1155 3403 1287 3457 Coccinus
1304 3407 1370 3464 aegre

291 3473 394 3525 lerebat
414 3483 440 3526 et
460 3482 551 3526 eontra
569 3475 728 3528 moliebatur
747 3492 836 3544 neque
864 3477 954 3527 cadem
973 3476 1087 3527 relicere
1115 3473 1281 3543 negligebat.
1316 3481 1371 3518 con-

289 3547 394 3597 vocetis
415 3547 484 3597 enim
504 3548 630 3613 proximis
653 3549 786 3614 episcopis
808 3555 835 3599 et
853 3549 902 3611 iis,
922 3548 1039 3616 quitum
1061 3545 1129 3599 iortc
1149 3545 1371 3614 quomodocunque

289 3617 414 3684 Byzantii
435 3619 619 3683 versabantur,
639 3620 747 3670 decreta
765 3619 905 3686 proposuit
924 3626 950 3669 et
968 3620 1052 3670 minus
1071 3619 1099 3670 in
1119 3630 1211 3669 omues
1231 3623 1315 3684 partes
1332 3621 1372 3660 et·

290 3690 442 3742 secretione
472 3697 498 3741 et
523 3691 692 3742 demiratione
718 3691 860 3741 eomitante
882 3688 1029 3743 Callistum.
1080 3691 1152 3742 misit
1171 3696 1258 3740 nutem
1276 3682 1372 3738 maxine

290 3761 318 3810 in
337 3761 408 3812 Atho
428 3769 518 3812 monte
537 3760 705 3812 versantibus
724 3759 860 3812 monachis
886 3761 949 3812 ialin
969 3761 1077 3812 decreta
1103 3763 1237 3827 imperans
1255 3763 1371 3832 proteret,

291 3845 335 3895 ue,
355 3833 377 3882 si
397 3832 483 3884 vellet
510 3834 542 3884 ad
563 3832 625 3884 illos
645 3834 758 3895 venire,
784 3847 843 3883 eum
869 3833 1022 3898 reciperent
1049 3829 1168 3885 decretis
1196 3825 1372 3882 messalinum

294 3903 432 3969 expulsum
451 3904 588 3972 legitime,
620 3919 672 3954 nee
694 3919 723 3956 se
742 3904 848 3954 iudiciis
870 3905 1005 3954 sistentem
1032 3919 1122 3972 neque
1147 3909 1284 3954 verentem
1299 3899 1371 3960 impt-

291 3975 364 4024 riose
390 3976 514 4026 mundare
542 3983 568 4026 et
597 3990 738 4027 exsecrare
759 3983 785 4026 et
805 3975 1049 4026 excommunicaret
1074 3989 1188 4026 neeesse
1214 3971 1294 4040 igitur
1318 3977 1372 4034 pro·

291 4053 384 4112 pterea
405 4054 431 4096 et
451 4047 520 4116 quod
549 4048 599 4096 iarn
625 4047 759 4113 synodicis
787 4046 1015 4097 exsecrationibus
1035 4055 1107 4099 esset
1133 4047 1235 4096 eiectus
1256 4049 1281 4093 et
1297 4037 1372 4091 divion

291 4117 458 4168 damnatione
479 4125 602 4186 tanquam
621 4126 723 4185 pestem
741 4117 831 4168 linium
851 4133 909 4169 eum
930 4133 1032 4169 arcere.

391 4206 533 4276 Postquam
561 4214 649 4258 autern
663 4221 739 4271 res,
754 4207 830 4274 quasi
849 4206 947 4258 testula
974 4207 1083 4259 inversa
1102 4220 1200 4258 novam
1220 4195 1371 4270 experienti

289 4279 498 4343 immutationem
518 4286 545 4332 et
555 4277 666 4334 Callisto
682 4293 773 4333 rursus
792 4277 971 4348 patrinrehien
989 4277 1054 4334 sede
1073 4277 1157 4348 potiri
1175 4275 1294 4343 contigit,
1312 4266 1370 4322 0⁰⁶·
