2992 4916
301 375 374 456 524
597 391 821 475 memnoni
852 387 1082 458 enneonln

300 554 421 640 πένησι,
444 557 500 621 καί
522 559 604 621 πᾶσι
627 551 743 637 σχεδόν
756 560 892 640 λογικοῖς
912 553 967 618 καί
984 553 1118 638 ἀλόγοις,
1141 551 1217 620 όταν
1238 559 1298 630 τοῖς
1316 557 1378 636 βελ-

299 657 382 722 τίοσι
392 660 608 740 νυμοθετάσιν
620 656 649 721 oi
662 658 822 720 κάκιστοι·
858 653 967 741 οὐγὰρ
983 654 1017 720 τό
1037 653 1213 741 διεφθορὸς
1223 658 1283 718 τῶν
1293 653 1377 740 όρόν-

299 783 362 823 των
383 760 617 845 κατευθυνθείη
636 754 673 824 ἀν
685 781 759 824 ποτε
773 754 852 839 πρός
866 756 1023 840 εὐνομίαν,
1046 754 1114 820 οὐδ’
1136 753 1211 820 εἴτι
1223 757 1325 839 νοσοίη
1334 756 1378 837 τής

300 861 469 936 πολιτείας,
494 859 782 944 παρασκευασθείη
802 857 882 944 πρός
901 855 957 942 τήν
978 855 1055 943 πρίν
1078 855 1202 946 εὐεξίαν
1223 859 1376 940 παλινδρο-

298 967 380 1044 μεῑν,
402 957 484 1023 ἀλλά
507 963 615 1049 πολλῷ
634 960 936 1045 τούναντιλινγὲνοιτ)
964 956 1010 1037 ἀν,
1030 955 1397 1045 παραπαιδαγωγούντος5

300 1061 356 1123 τοῦ
375 1061 575 1145 χοροστότου
597 1062 653 1128 καί
676 1061 880 1139 διδασκάλου,
902 1061 958 1128 καί
983 1061 1138 1142 χωλεόειν
1158 1063 1317 1136 ποιοῦντος
1335 1061 1379 1123 cori

301 1164 400 1248 καλοῦ
427 1163 483 1226 καί
502 1164 557 1246 τής
580 1162 733 1248 ἀληθείας
760 1159 814 1226 τόν
849 1162 977 1248 δρόμον.
1028 1161 1177 1247 πρόξενος
1208 1159 1270 1246 γάρ
1303 1157 1380 1233 αὐτὸς

302 1258 449 1346 ἀντικρυς
475 1262 596 1346 γίνεται
619 1270 725 1328 νοσεῖν
756 1261 811 1327 καί
830 1259 873 1326 τό
902 1261 1058 1347 όγιαῖνυν,
1084 1263 1192 1340 καίἔξ
1216 1260 1321 1348 οὐριάς
1340 1259 1380 1324 ἀεὶ

299 1364 502 1444 καταβαίνειν
523 1364 604 1450 πρὸς
631 1360 666 1429 τό
691 1362 918 1450 φθειρόμενον·
982 1365 1037 1428 καί
1068 1361 1087 1426 ό
1113 1361 1169 1447 τήν
1197 1363 1327 1450 ἐρημίαν
1346 1359 1407 1437 ἀς,

293 1465 417 1528 ’ἐπίπαν
444 1462 594 1548 ἐκτήσατο
627 1467 802 1549 πάρεδρον,
836 1464 1084 1550 ἀντιφωνοῦντος
1116 1461 1204 1550 αὐτοῦ
1235 1465 1290 1527 τοῦ
1319 1464 1379 1544 βίου
1388 1464 1412 1518 1⁰

298 1570 363 1638 τοῖς
385 1564 489 1648 λόγοις
511 1564 568 1630 καί
587 1557 608 1652 ᾗ
627 1566 771 1630 τέτακται
794 1564 963 1650 διοικήσει·
996 1563 1103 1650 ὥσπερ
1126 1563 1189 1651 γάρ
1216 1563 1381 1645 δικαιοσόνη

299 1665 466 1740 κοινωνίας
487 1665 664 1750 ποιητικόν,
689 1663 788 1741 οὕτως
813 1664 1018 1750 ἀκοινώνητον
1048 1663 1157 1730 ἀδικία
1178 1663 1234 1739 καὶ
1255 1663 1381 1729 σόνοικον

299 1766 433 1852 ἐρημίη,
454 1765 599 1851 θηριώδη
633 1767 770 1831 ποιοῦσα
797 1764 851 1831 τόν
879 1769 950 1849 βίον
969 1766 1024 1830 καὶ
1053 1765 1256 1831 παντάπασιν
1278 1761 1380 1849 ἀγριυν.

158 1927 165 1934 .
233 1864 355 1949 48τήν
375 1865 436 1951 γάρ
458 1891 507 1930 τοι
528 1867 620 1932 πόλιν
640 1870 672 1946 ἔξ
692 1868 799 1932 οἰκιῶν
821 1867 1027 1951 συγκειμένην
1048 1867 1232 1950 κοινωνικής
1253 1865 1380 1942 εὐταξίας

300 1965 449 2049 θεμέλιον
482 1959 564 2031 εἶναι
597 1967 715 2053 ἀνάγκη
746 1969 802 2032 καί
831 1969 937 2050 νόμιον
967 1969 1099 2032 δικαίων
1131 1965 1413 2053 ἐμπεφραγμένηνλλ

303 2070 446 2149 δεσμοῖς·
492 2057 520 2157 ᾧ
540 2071 615 2152 γοῦν
637 2070 738 2145 οἰκίας
773 2072 813 2134 δι’
837 2068 982 2152 ἀμαθίαν
1011 2069 1065 2132 τοῦ
1093 2069 1267 2154 κρείττονος
1287 2065 1379 2152 ἥκισθ’

303 2166 452 2252 ἁρμόττει
479 2171 675 2255 προστασία,
709 2170 884 2234 πολλοστοῦ
903 2165 987 2244 τινός
1019 2169 1138 2254 μέρους
1157 2170 1285 2253 μακρᾶς
1304 2171 1378 2230 πολι-

301 2269 397 2346 τείας,
419 2271 538 2335 πολλοῦ
557 2275 642 2353 μέντ’
667 2266 705 2335 ἀν
725 2270 847 2355 δεήσειε
863 2269 996 2344 δεόντως
1017 2269 1139 2345 πόλεως
1161 2267 1237 2353 ὅλης
1256 2267 1379 2354 προστή-

301 2392 364 2433 ναι.
407 2367 449 2446 ιδς
471 2373 546 2455 γοῦν
563 2371 627 2434 τάν
649 2371 827 2458 ἀνθρώπων
850 2360 877 2459 ολ
903 2372 972 2454 δίκη
992 2371 1048 2435 κατ’
1068 2369 1198 2452 εὐνομία
1219 2369 1379 2451 συντέθρα-

301 2492 386 2544 πται,
415 2468 511 2556 τυύτιρ
533 2471 589 2536 καί
616 2467 650 2535 τό
672 2473 822 2558 βελτίστῳ
844 2495 878 2535 τε
901 2464 1057 2534 εἶναικαὶ
1079 2466 1159 2533 κατά
1180 2467 1217 2534 τὸ
1236 2469 1416 2551 detruncavit

302 2564 412 2652 ἀρχειν
434 2573 647 2656 προσγίνεται,
669 2570 768 2648 οὕτως
780 2595 803 2660 ιγ
826 2572 880 2656 μή,
899 2571 994 2657 τούτῳ
1008 2569 1063 2635 καλ
1074 2571 1226 2656 χειριλττιρ
1249 2570 1384 2654 γίνεσθαι

301 2666 382 2733 κατά
407 2667 440 2734 τό
479 2670 649 2736 ἀντιδιαλον
683 2672 793 2738 ἕπεται
825 2672 880 2736 καὶ
908 2669 1111 2754 παγχάλεπον
1143 2666 1255 2755 ἄρχειν
1284 2665 1383 2752 ἀρχήν.

234 2766 422 2856 41δόργανρι
446 2771 507 2858 γὰρ
530 2773 564 2836 ἐκ
588 2771 716 2858 φόσεως
739 2768 921 2859 ’ἅνθρωπος
942 2769 1025 2850 ἔχου
1056 2766 1136 2855 πρός
1159 2768 1280 2854 ἀρεταῖν
1299 2770 1383 2853 ἐργα-

301 2873 375 2944 σίαν
396 2874 582 2952 πολυειδῶν,
606 2874 634 2938 εἰ
653 2871 701 2960 μή
720 2875 866 2958 βούλοιτο
881 2873 951 2959 δίκη
963 2894 997 2936 τε
1017 2870 1073 2936 καὶ
1095 2868 1224 2962 εὐνομίᾳ
1247 2873 1383 2935 διοικεῖτε

299 3168 420 3224 omnibus
446 3170 540 3238 peritis
567 3177 594 3222 et
611 3170 758 3238 imperitis,
783 3171 806 3224 si
830 3169 985 3224 melioribus
1014 3169 1123 3238 pessimi
1147 3169 1287 3237 imperant.
1331 3179 1383 3219 nam

298 3242 494 3310 praefectorum
512 3242 708 3309 improbitatem
725 3257 779 3294 non
807 3243 938 3296 direxeris
959 3256 1073 3309 uuquam
1097 3242 1130 3293 ad
1147 3239 1232 3292 bonas
1249 3239 1324 3308 lagos
1339 3253 1383 3290 occ

297 3313 321 3367 ti
340 3314 403 3380 quid
421 3312 574 3378 respublica
591 3321 715 3382 aegrotet
733 3315 765 3366 ad
784 3314 921 3380 pristinam
942 3313 1098 3366 felicitatem
1118 3312 1232 3364 reditum
1251 3311 1329 3364 facile
1346 3309 1382 3360 ei.

298 3384 415 3447 feceris,
436 3383 483 3434 scd
504 3383 583 3451 plane
609 3386 768 3436 contrarium
788 3386 896 3449 iccoris,
917 3399 993 3452 quam
1014 3385 1036 3435 si
1052 3382 1205 3436 choroetata
1223 3391 1250 3434 et
1268 3383 1384 3449 magister

298 3455 413 3506 instituit
439 3462 466 3504 et
489 3454 641 3507 claudicare
666 3456 745 3507 docet
768 3457 839 3508 inter
863 3455 969 3523 pulchri
999 3463 1027 3506 et
1045 3453 1268 3520 aeri.cancelloa.
1306 3455 1383 3508 vicina

298 3525 349 3580 sibi
368 3531 505 3591 aegrotum
526 3533 553 3576 et
574 3525 689 3578 validum
710 3533 736 3578 et
755 3542 912 3594 prosperum
928 3541 1034 3592 semper
1051 3533 1155 3592 spectat
1173 3525 1207 3576 ad
1225 3539 1330 3576 vanum.
1362 3530 1385 3573 et

298 3597 321 3650 ai
350 3595 409 3663 quie
438 3596 569 3648 desertum
600 3598 675 3663 quasi
700 3599 800 3650 socium
823 3597 874 3649 sibi
902 3598 1040 3660 sumserit,
1062 3597 1119 3647 eius
1136 3597 1192 3648 vita
1212 3611 1227 3648 a
1245 3595 1385 3664 legibuset

299 3682 351 3736 qua
370 3667 490 3720 instituta
509 3675 551 3720 eei
567 3668 675 3720 vivendi
694 3671 799 3722 ratione
812 3669 954 3735 discrepat.
993 3668 1210 3736 quemadmodum
1229 3668 1298 3718 enim
1315 3665 1384 3720 iusti-

298 3741 335 3791 tia
357 3739 584 3792 consociationem
604 3740 683 3804 facit,
700 3741 736 3792 ita
761 3740 904 3792 disiunctio
925 3739 957 3791 ab
978 3739 1079 3790 institia
1098 3746 1125 3790 et
1143 3739 1172 3790 in
1191 3739 1299 3792 deserto
1319 3736 1384 3788 haii-

299 3811 365 3862 tatio
384 3809 523 3862 bestialem
545 3819 573 3864 et
590 3813 697 3864 omnino
711 3813 849 3864 immanem
863 3813 944 3862 vitam
962 3811 1056 3880 reddit.
1093 3809 1186 3862 urbem
1206 3810 1276 3860 enim
1296 3825 1329 3860 ex
1344 3822 1384 3858 ae-

298 3880 395 3933 diliciis
415 3883 586 3948 compositam
608 3882 733 3950 publicae
752 3882 844 3936 salutis
864 3883 1061 3936 fundamentum
1083 3897 1142 3932 erse
1163 3889 1190 3932 ct
1207 3881 1333 3932 iustarum
1349 3879 1385 3930 le·

298 3967 360 4020 gum
381 3951 532 4005 obstrictam
553 3953 681 4006 cancellis
706 3969 818 4007 necesse
838 3961 887 4006 eet.
927 3954 983 4005 ,cui
1008 3953 1089 4020 igitur
1118 3950 1152 4003 ob
1169 3952 1301 4003 inscitiam
1318 3965 1385 4003 com-

298 4024 368 4076 modi
386 4022 494 4074 minime
504 4026 641 4077 ‚convenit
659 4025 850 4076 administratio
871 4022 1009 4089 familiae,
1041 4031 1165 4090 tanquam
1183 4037 1296 4089 magnae
1316 4021 1386 4090 partis

298 4095 431 4158 civitatis,
458 4094 569 4148 multum
589 4097 675 4148 deerit
699 4103 729 4147 ut
755 4097 805 4146 toti
831 4095 890 4147 urbi
918 4095 1027 4163 praesit.
1072 4094 1289 4162 quemadmodum
1316 4095 1387 4162 igitur

212 4171 215 4177 ’
297 4165 388 4228 homo,
408 4165 451 4216 cui
471 4165 512 4216 ina
534 4174 562 4218 et
578 4167 655 4235 leges
677 4167 784 4218 innatae
804 4174 874 4231 sunt,
891 4168 1007 4234 optimus
1027 4181 1087 4216 esse
1113 4173 1139 4217 et
1158 4165 1259 4232 optime
1277 4179 1332 4216 rem
1348 4178 1386 4212 re-

298 4251 364 4306 gere
382 4235 478 4304 possit,
496 4238 542 4302 ita,
563 4240 674 4290 coinon
690 4239 789 4303 insunt,
808 4239 951 4304 pessimum
967 4236 1025 4289 fieri
1045 4245 1072 4288 et
1090 4237 1205 4303 pessime
1231 4249 1287 4286 rem
1313 4233 1387 4287 admi.

298 4307 411 4362 nistrare
443 4323 502 4384 eum
529 4325 562 4384 er
592 4310 725 4363 contrario
749 4309 879 4379 sequitur.
923 4308 1090 4364 lromo‘enim
1106 4322 1133 4368 *a
1152 4313 1246 4360 nature
1264 4305 1387 4374 praeditus
