2926 4906
197 281 418 414 nrsronmn
447 343 704 413 nomnium
721 347 858 413 xxxiv.
879 329 1062 414 tr-ro.
1121 337 1195 416 449
1287 313 1291 321 ’

93 508 152 573 καὶ
177 508 314 593 ζήσεται.
368 507 433 572 ἀλλ’
468 499 544 589 ὄψει
566 503 607 572 τά
628 506 765 573 ὄπτ’σθιά
782 531 846 590 μου
857 506 885 584 ,”
909 503 970 572 εἴτε
992 508 1063 586 τοῦς
1084 511 1196 596 λόγους

93 612 159 674 τῶν
189 605 287 675 ὄντων
307 607 415 694 λέγων,
446 607 501 672 καὶ
520 605 593 673 ’ὅσα
618 609 677 690 μὲν
705 609 823 672 ἐκεῖνον
845 609 966 674 ἐκείνου
987 612 1195 697 γνωρίσματα

93 708 179 775 κατά
198 711 253 775 τὸν
273 714 362 774 θεῖον
388 712 419 775 Γ
421 710 569 796 ρηγάριον
580 757 589 786 ,
620 706 681 773 εἴτε
701 706 756 793 τήν
784 708 838 775 διὰ
858 709 977 796 σαρκδς
997 713 1195 798 ἐπιφάνειαν,

89 806 150 893 τήν
173 811 208 874 ἐκ
231 811 393 897 παρθένου
419 809 564 894 δηλονότι
584 808 744 894 γέννησιν·
788 811 863 895 περὶ
883 803 921 894 ἧς
943 810 1033 877 καὶὸ
1057 811 1262 879 induro-10

64 913 149 986 5λός
174 936 272 996 φησιν
293 909 457 997 ιἝιιεφάνη
495 907 633 995 ήχάρις
665 912 721 974 τοῦ
741 912 820 975 θεοῦ
855 909 876 996 ή
909 913 1064 999 σωτήριος
1098 917 1196 980 πᾶσιν

90 1011 279 1097 ἀνθρώποις
288 1011 315 1088 ,”
346 1012 536 1097 ἐπιφάνειαν
564 1011 702 1074 ἐνταῦθα
730 1011 828 1096 λέγων
859 1011 896 1076 οῦ
919 1011 1000 1079 κατά
1020 1011 1075 1098 τήν
1096 1017 1196 1078 πάλαι

87 1115 156 1177 τῶν
179 1115 362 1197 προφητῶν,
386 1110 468 1175 ἀλλὰ
489 1109 544 1195 τήν
564 1111 620 1176 νῦν
639 1109 696 1194 τήν
710 1114 765 1176 δια
784 1111 928 1194 σώματος
950 1113 1104 1199 άληθυῦς·
1126 1115 1195 1180 τότε

86 1211 154 1298 γάρ
173 1209 227 1276 διά
242 1215 431 1294 σωματικῶν
449 1212 622 1296 σχημάτων
638 1210 693 1275 καί
712 1215 853 1276 τοπικῶν
867 1212 1101 1298 φαντασμάτων
1115 1213 1194 1278 άνα-

87 1314 197 1399 λόγων
209 1317 251 1400 τῇ
261 1315 323 1376 τῶν
335 1311 481 1398 ὅρῶντων
496 1311 629 1394 δυνάμει
641 1311 805 1396 ἐγίγνοντο.
819 1311 873 1378 διά
885 1312 947 1402 γάρ
958 1314 1112 1377 τοῦτοκαὶ
1123 1313 1194 1378 διά-

52 1414 197 1501 λθφοροί
214 1437 248 1478 τε
270 1413 302 1477 αἱ
319 1410 448 1498 δράσεις
463 1413 519 1476 καί
535 1413 714 1487 πολυειδεῖς
735 1414 920 1498 ἐφαίνοντο·
943 1414 998 1476 καὶ
1012 1411 1073 1498 γάρ
1095 1411 1195 1498 ffe‘yoom

90 1537 194 1602 φησιν
208 1511 360 1599 “iponem
374 1512 549 1596 ἕπλήθυνα,
572 1510 627 1575 καί
647 1512 680 1575 ἐν
693 1511 790 1597 χερσὶ
808 1515 980 1598 προφητῶν
994 1509 1195 1596 ῶμοιῶθην.”

88 1617 119 1682 εἰ
140 1611 205 1700 γάρ
221 1611 325 1698 αῦτήν,
339 1612 365 1678 ’ὅ
377 1614 624 1699 Χρυσορρήμων
646 1613 753 1698 φησίν,
776 1606 885 1699 ἓῶρων
895 1612 952 1697 τήν
963 1615 1020 1677 τοῦ
1039 1615 1118 1677 θεοῦ
1131 1613 1192 1700 φά-

88 1741 150 1793 σιν,
178 1713 233 1780 οῦκ
256 1707 293 1778 άν
316 1715 481 1801 διαφόρως
507 1715 657 1778 ἐθεῶντο·
683 1711 768 1798 ἆπλή
785 1716 847 1799 γάρ
867 1739 915 1794 τις
930 1715 986 1778 καὶ
1011 1714 1190 1799 ἀσχημάτι-

87 1840 165 1892 στος
184 1814 239 1878 και
262 1813 442 1891 άσάνθετος.
484 1806 551 1876 εἶτα
573 1812 628 1877 οὐκ
638 1808 765 1936 ῶφθην
789 1813 856 1877 ἀλλ’
883 1812 1055 1898 ῶμοιάθην
1077 1816 1189 1900 φησίν·
1201 1829 1259 1883 Ν

48 1936 79 1988 15
90 1941 127 1980 ου
145 1914 210 2002 γ’άρ
236 1910 367 1990 ἄλλος
349 1940 365 1978 o
388 1913 497 1999 λέγων,
521 1914 588 1978 ἀλλ’
608 1912 701 1991 αῦτός
720 1914 795 2012 περι
814 1908 930 1979 εαυτοῦ
949 1915 1035 1980 ἐστιν
1058 1939 1075 1978 o
1100 1917 1190 1992 θεός

90 2015 111 2099 ή
136 2014 199 2140 ηάρ
230 2011 382 2097 ὅμοι’ωσις
414 2013 577 2138 ποιότητος
606 2007 738 2091 ἔνδειξιν
777 2013 845 2094 ἔχει
873 2039 928 2078 και
961 2013 1034 2095 οάχι
1057 2014 1192 2101 φάσεως,

95 2116 253 2200 σχήματος
275 2114 356 2199 λέγω
377 2140 429 2178 και
450 2112 622 2199 χρῶματος
641 2112 696 2177 και
717 2110 779 2178 ὅσα
800 2115 849 2199 τῇ
851 2108 936 2195 ῦψει
954 2113 1096 2200 πέφυκεν
1111 2113 1191 2179 riuo-

93 2215 229 2297 κεήιιενα,
254 2214 309 2278 καί
332 2212 394 2279 ὅσα
415 2217 456 2301 τῇ
481 2213 570 2299 ἀκοῇ,
591 2212 672 2296 λέγω
698 2211 737 2296 δή
764 2211 799 2277 τῦ
822 2216 878 2297 τῆς
901 2216 1015 2289 λαλιᾶς
1028 2209 1116 2298 Ιη’θυς
1136 2213 1192 2278 καί

88 2317 247 2400 βούλημα.
290 2315 345 2379 καὶ
369 2314 431 2401 γάρ
464 2311 556 2380 καὶὸ
587 2315 644 2388 τοῦ
665 2307 837 2399 ἀν’θρῶπου
860 2315 932 2390 νοῦς
956 2313 1123 2397 άσῶματος
1147 2309 1191 2378 ῶν

52 2416 243 2500 τραίσθήσει
265 2414 323 2496 οὐχ
345 2413 524 2481 ῦπάκειται·
579 2414 646 2478 ἀλλ’
668 2411 798 2479 ἐπειδάν
832 2415 877 2489 εἰς
897 2413 1017 2480 λαλιάν
1033 2415 1112 2503 ἔλθη
1135 2415 1190 2479 καί

87 2517 202 2602 λόγους
225 2516 420 2603 ἐνάρθρους,
447 2517 616 2601 τηνικαῦτα
629 2515 684 2579 και
709 2515 860 2643 αισθήσει
880 2515 939 2598 μὲν
960 2513 1187 2599 ῦποβάλλεται·

86 2618 142 2681 και
164 2614 199 2682 τῦ
221 2619 289 2702 τῆς
298 2618 416 2694 οικειάς
429 2619 613 2701 βουλήσεως
635 2610 719 2694 ειδος
741 2643 795 2683 και
790 2614 892 2716 ήθος
912 2621 1113 2685 ἐνδείκνυται
1129 2621 1189 2723 μεν

86 2717 235 2793 σκιωδῶς
269 2719 325 2783 και
351 2721 540 2800 σωματικῶς
570 2721 686 2798 εἰπεῖν,
716 2716 773 2802 τήν
796 2719 831 2783 δὲ
865 2718 960 2806 φῦσιν
981 2702 1188 2809 ἐνδείξασθαι

86 3035 156 3091 dixit
174 3047 231 3089 nou
249 3036 413 3104 conspicitur
432 3051 447 3088 u
466 3043 572 3089 tenemo
593 3036 742 3104 conspiciet
766 3035 862 3088 iuciem
886 3052 970 3088 meum
991 3043 1017 3088 et
1036 3037 1121 3101 vivet,
1139 3035 1187 3090 rod

86 3108 242 3176 conspiciet
260 3115 365 3177 tergum
383 3124 488 3173 meum,
514 3106 623 3160 scilicet
641 3123 729 3159 rerum
748 3115 894 3160 oreuturum
921 3108 1039 3160 rationes
1059 3115 1086 3158 et
1105 3123 1187 3176 quun.

86 3195 198 3247 cunque
219 3177 267 3230 ille
279 3180 411 3246 Gregoree
433 3174 602 3246 cognitiones
618 3179 776 3243 nominavit,
796 3179 855 3230 eive
874 3193 997 3230 corneum
1019 3179 1187 3262 epiphanium

84 3253 105 3302 i.
127 3267 153 3302 e.
174 3250 288 3317 virginio
307 3257 419 3316 portum,
439 3250 472 3301 de
491 3265 544 3318 quo
563 3249 701 3317 apostolus
727 3250 805 3302 dicit.
832 3250 955 3316 apparuit
976 3251 1074 3325 gretie
1079 3249 1123 3300 dei
1140 3266 1187 3302 ro.

83 3322 171 3374 lotrix
186 3321 307 3372 omnibus
326 3320 487 3374 homiuibus.
525 3321 570 3372 ubi
589 3321 756 3389 epiphanium
776 3320 906 3390 inteiligit
923 3334 977 3397 non
996 3315 1129 3388 antiquum
1148 3321 1186 3372 ii-

84 3393 138 3443 ium
160 3393 360 3474 prophetarum,
379 3392 425 3443 red
446 3408 514 3460 quoe
533 3392 585 3444 hoc
603 3401 723 3460 tempore
745 3393 815 3445 iacto
832 3400 873 3444 ert
892 3407 941 3461 per
959 3407 1049 3444 verum
1070 3407 1185 3444 curnem.

85 3463 152 3514 olim
173 3463 243 3512 enim
263 3463 399 3528 corporeis
419 3463 510 3516 formis
530 3471 556 3514 et
574 3464 733 3530 imaginibus
752 3464 896 3516 secundum
916 3464 1062 3516 videntium
1082 3472 1187 3530 coptum

83 3533 197 3588 fiebant.
217 3533 267 3584 hoc
286 3534 355 3584 enim
373 3540 477 3584 ratione
496 3535 616 3587 visiones
634 3535 758 3586 diversae
776 3544 803 3588 et
815 3549 907 3586 venue
917 3541 1105 3601 apparuerunt.
1142 3542 1186 3584 ut.

84 3621 138 3672 que
160 3618 212 3670 ego
231 3604 317 3671 inquit
335 3603 455 3656 visiones
475 3605 585 3671 implori
614 3613 641 3655 et
659 3605 847 3672 prophetorum
864 3607 984 3657 monibus
1012 3622 1054 3656 me
1072 3619 1185 3670 reprae-

83 3675 203 3728 sentavi.
253 3676 277 3725 εἰ
305 3675 374 3725 enim
401 3677 485 3741 iprum
515 3676 640 3727 viderunt
657 3677 700 3727 dei
724 3677 884 3740 essentium,
911 3677 948 3728 ait
968 3675 1185 3742 chrysostomus,

82 3761 139 3798 non
160 3744 328 3796 dissimiliter
347 3745 632 3812 contemplationem,
652 3747 751 3814 quippe
770 3760 838 3814 quoe
857 3747 1033 3813 simplorum,
1051 3761 1105 3798 non
1127 3746 1185 3797 ior.

82 3825 165 3882 mutu,
186 3831 240 3868 non
259 3817 406 3882 compositu
427 3817 565 3884 quaedum·
606 3825 746 3883 praeterea
772 3831 827 3867 non
855 3825 1016 3883 conspectus
1045 3834 1118 3882 oum,
1137 3817 1185 3868 red

82 3904 126 3940 me
146 3889 359 3953 repraesentavi,
379 3888 474 3954 inquit.
510 3901 561 3937 neo
581 3889 650 3938 enim
672 3886 908 3955 olineqniequnm,
927 3888 973 3940 sed
991 3889 1056 3940 deuo
1073 3889 1132 3954 ipso
1150 3888 1184 3939 do

83 3975 147 4011 rese
166 3957 295 4026 loquitur.
333 3959 532 4010 rimilitudinem
551 3957 633 4009 habet
649 3967 832 4026 argumentum
846 3972 971 4024 poeseos,
991 3973 1044 4012 non
1062 3967 1182 4021 naturae,

83 4029 188 4080 formae
210 4028 316 4080 scilieet
335 4037 362 4080 et
381 4028 481 4081 coloris
501 4037 528 4080 et
545 4043 721 4097 quaecunque
740 4027 827 4080 oculis
839 4037 900 4080 sunt
918 4029 1038 4082 subiecto
1052 4038 1078 4081 et
1097 4044 1183 4097 quae-

83 4115 192 4167 eunque
215 4098 335 4164 ruribus,
355 4100 414 4151 dico
435 4099 563 4168 loquendi
585 4100 804 4151 consuetudinem
825 4108 852 4152 et
872 4099 1046 4152 voluntatem.
1085 4099 1182 4151 etenim

82 4169 201 4222 hominis
221 4171 289 4221 ratio
310 4186 388 4238 quum
408 4171 568 4238 incorporeo
586 4171 631 4235 rit,
650 4170 741 4223 rennui
760 4186 813 4223 non
829 4171 951 4223 subiecta
971 4181 1020 4236 est,
1039 4173 1085 4223 red
1105 4176 1181 4237 poet.

83 4257 163 4313 quum
181 4243 210 4294 in
229 4240 346 4310 linguam
365 4243 439 4295 venit
461 4251 487 4294 ot
505 4242 587 4295 verbu
605 4241 676 4294 inter
690 4257 721 4295 re
735 4243 887 4308 conciliate,
907 4249 960 4294 tum
974 4241 1096 4296 rensibus
1114 4238 1180 4293 rub.

135 4351 299 4423 nomm
319 4351 431 4424 oropo.
458 4351 512 4407 Vol.
530 4353 586 4410 111.
829 4431 839 4448 Ι
962 4353 1000 4410 29
1194 4357 1206 4384 ·
