2952 4902
235 353 458 422 ersroame
484 355 747 424 στιιασιιαιι
766 357 893 424 sxta.
917 333 1102 424 lit-ll.
1160 343 1238 420 *aaa

138 516 242 588 λείας·
293 513 328 578 τύ
357 512 419 598 γὰρ
451 516 550 600 φύσει
577 515 672 583 καλὸν
695 515 939 600 ίποτρίψασβιιι
970 515 1077 604 χρύνιρ
1094 514 1153 600 τήν
1173 518 1239 596 &aaa

138 611 195 676 caia
213 605 253 676 ἄν
282 636 356 678 ποτε
389 614 539 690 δύναιτο,
566 614 650 681 oillei
673 619 729 680 ιιαί
753 615 812 700 τὴν
834 621 891 682 τοῦ
912 619 1010 680 eamd
1029 617 1237 700 προσποίησιν

138 707 276 794 εύχεριὸς
304 723 370 790 τοῖς
401 713 582 798 τιριὶνμιισιν
610 716 818 800 ἐλεγχόμενον
840 717 1040 799 dumalias,
1062 719 1235 800 παλινδρο-
1259 700 1272 760 ',

135 817 257 901 μούσης
284 823 340 904 τῆς
372 819 499 901 φύσεως
529 823 584 884 καί
610 817 897 903 ἀναλαμβανούσης
929 817 962 884 έν
984 821 1038 884 τού
1055 814 1176 907 ῥᾴστου
1199 815 1233 882 τύ
1316 807 1324 822 ’

115 914 272 1002 speciosos.
316 917 385 996 ε’ξδν
407 916 467 1002 γὰρ
492 924 555 1005 θεῷ
577 916 615 984 τοὶ
640 923 713 983 καθ’
739 917 838 984 eicis
853 917 1071 1002 έσιτρέψαντα
1093 915 1150 1000 τὴν
1173 920 1236 983 τιύν

137 1021 260 1084 παίδων
283 1019 493 1101 εύδαιμονίαν
512 1020 621 1107 ἡσυχῇ
651 1021 972 1104 πραγματεύσασθαι,
996 1013 1119 1106 ῥᾴδιον,
1148 1015 1236 1100 εἴπερ

138 1119 293 1202 ἐβούλετο,
317 1114 370 1200 ὅν,
394 1116 409 1184 ὅ
431 1124 466 1186 δὲ
488 1130 553 1196 τοῖς
574 1121 724 1204 σῖσεβέσιν
748 1120 791 1216 ὥς
812 1121 959 1203 ου’τνχείν
982 1123 1128 1186 δοκούσιν
1151 1123 1182 1192 ές
1202 1118 1237 1182 τὸ

136 1220 237 1304 παρὸν
265 1226 389 1303 μᾶλλον
426 1217 541 1288 ἑαυτὸν
574 1218 707 1297 διαθείς
735 1223 841 1288 ιίΐδιον
872 1222 974 1288 είλετο
1001 1226 1137 1302 μοχθεῖν
1169 1219 1236 1284 κατ’

137 1326 213 1403 έμαύ
225 1349 234 1368 ·
275 1327 362 1410 μηδὲ
383 1322 444 1408 μύρ
470 1319 548 1389 ἄλλο
567 1349 598 1391 τι
623 1327 879 1410 μακαριζομέναυ
908 1321 1072 1406 γνώρισμα
1093 1324 1165 1404 βίον
1186 1325 1239 1403 γί-

101 1442 128 1495 10
138 1429 248 1490 ascios
271 1427 390 1490 τουτωί
411 1428 466 1490 καί
491 1423 712 1512 ύληθεσούσης
742 1427 878 1504 cellolae
911 1419 932 1508 ἢ
953 1423 1032 1488 κατά
1057 1447 1091 1506 ys
1117 1423 1159 1488 ἰδ
1181 1427 1238 1488 νύν

132 1529 337 1610 εύτοχοιῖντιι
351 1524 515 1591 δύνασθαι
538 1525 685 1612 φθείρειν
702 1529 841 1610 εύσεβείς
863 1528 918 1590 ναί
929 1528 1030 1611 μηδὲν
1053 1525 1238 1600 α’διιισύντας

133 1621 407 1712 imprimam&
426 1629 468 1690 δι’
483 1629 564 1692 τιν’τιν’
583 1651 617 1710 με
635 1631 723 1693 τουτί
741 1630 884 1708 νενόμικε
896 1630 1078 1709 δυστυχεῖν,
1101 1619 1148 1690 ὅτι
1160 1625 1239 1690 θεύ-

134 1753 206 1812 τηισ
224 1731 362 1810 σέβουσι
374 1727 640 1812 τρισνπύστατον,
658 1727 827 1814 φεύγοντες
840 1730 954 1794 atteias
969 1727 1050 1808 ὁμοῦ
1072 1725 1127 1792 καί
1137 1732 1239 1790 πολυ-

134 1831 231 1894 βεΐαν.
258 1831 358 1912 δῆλον
380 1831 431 1893 δέ·
453 1832 508 1892 καί
526 1828 586 1913 γὰρ
605 1831 735 1904 ἐκεινοις
745 1830 925 1913 σύνδρομον
946 1829 1001 1892 καί
1022 1825 1076 1892 τδν
1089 1831 1145 1892 τού
1158 1831 1304 1901 Ilo-44

102 1931 216 2009 λ5λαμοῖ
232 1932 349 2012 κρίνας
367 1925 525 2015 ύπύρχειν
537 1933 662 2011 θίασον,
681 1937 829 2012 πονηροῖς
840 1928 1069 2012 δργιίνοιςμετδι
1083 1932 1144 1996 τοῖν
1157 1926 1236 1992 α’σι-
1306 1943 1308 1948 ’

132 2033 193 2110 βύν
209 2029 342 2096 issima
364 2032 420 2095 καί
431 2031 551 2106 τούτοις
567 2030 727 2114 ἐχρήσατο
748 2033 816 2093 κατ’
829 2033 920 2112 έμού,
935 2030 985 2093 ἵνα
997 2031 1053 2094 καί
1067 2031 1162 2093 τούτο
1181 2033 1237 2110 τῆς
1247 2040 1266 2095 l.
1280 2042 1329 2098 135
1342 2041 1370 2098 b.

130 2134 165 2196 Ιέιι
177 2134 299 2196 rottei
315 2133 339 2170 ‘¹
352 2135 582 2214 ταμιευομένοις
599 2130 684 2217 αύτρῖ
695 2131 762 2195 κατ’
777 2127 858 2211 ἐμού
867 2128 1032 2214 γνούρισμα
1047 2127 1172 2213 γνώμης
1186 2127 1235 2213 είη

133 2237 183 2296 καί
200 2241 257 2316 τῆς
282 2227 461 2317 cciv-dccccv
475 2225 573 2306 osidae
595 2230 782 2318 συγχύσεωςΙ
790 2251 798 2270 ·
825 2229 877 2295 διὰ
901 2231 962 2315 γὰρ
984 2232 1089 2296 adroic
1110 2229 1237 2314 διπύσης

132 2337 295 2417 δσιοριιίοις
308 2332 390 2415 ὁμσῦ
407 2335 463 2398 τισί
477 2334 686 2416 διχοστασίας
707 2331 795 2416 μύλα
811 2328 927 2422 ῥᾳδίως
939 2331 995 2416 την
1018 2329 1110 2398 πόλιν
1121 2332 1237 2405 ἐκεῖνος

98 2429 310 2521 λθένέαλησεν.
355 2433 435 2512 δξεΐς
458 2458 490 2499 τε
510 2434 571 2519 peip
588 2436 632 2510 είς
653 2438 769 2500 καιιίιιν
791 2427 878 2508 ὄντες
899 2431 928 2498 οἱ
949 2427 1072 2518 ἄνδρες,
1093 2435 1149 2497 καί
1169 2427 1238 2514 ἅμα

131 2539 174 2624 cpi
195 2542 251 2602 τού
278 2539 444 2620 σχήματος
472 2542 585 2617 μέλανι
614 2532 693 2618 μετὰ
715 2538 768 2620 τῆς
797 2535 944 2616 ἀσεβείας
975 2533 1029 2598 καί
1055 2532 1112 2618 τήν
1142 2536 1175 2608 ἐς
1195 2532 1236 2596 τοὶ

134 2643 262 2704 τοιαῦτα
287 2641 345 2720 τῆς
370 2641 523 2724 πονηρίας
553 2635 747 2720 ἀποχρῶσαν
782 2636 947 2722 φαρέτραν
975 2632 1235 2719 σνγνρύπτοντος,

133 2739 347 2806 παντοδυπιδν
375 2742 430 2804 καί
457 2739 661 2826 πολυτρόπων
693 2741 853 2822 νέμουσαν
881 2740 943 2802 τῶν
964 2739 1084 2819 βελῶν,
1104 2737 1237 2800 κάκεῖνα

138 3111 231 3153 emere
249 3115 308 3154 ιισα
333 3105 423 3168 potest
443 3097 489 3154 sed
515 3095 594 3152 etiam
616 3113 696 3168 quum
725 3093 806 3152 lacile
833 3093 914 3152 rebus
932 3103 1059 3167 arguatur
1086 3088 1236 3148 simulatic-

137 3186 192 3222 aem
209 3173 273 3224 boni
300 3172 403 3223 abiicit.
440 3173 509 3224 redit
535 3173 604 3226 enim
631 3171 717 3224 altera
740 3178 835 3222 natura
863 3177 890 3222 et
914 3171 984 3238 quod
1002 3168 1138 3236 proprium
1156 3165 1238 3218 habet

138 3241 260 3296 facillime
279 3245 388 3312 recipit.
415 3245 480 3296 deus
495 3252 587 3296 ¹aldem
604 3245 626 3296 si
648 3259 693 3295 res
711 3250 815 3296 nostras
834 3244 858 3294 ei
877 3243 1060 3294 tradiderimus
1081 3239 1237 3292 felicitatem
1338 3255 1342 3260 ·

136 3314 208 3366 nobis
225 3315 336 3368 occulto
362 3324 497 3382 comparat
523 3316 603 3383 idque
627 3322 705 3382 prout
729 3313 787 3366 vult
806 3312 944 3366 facillime.
976 3313 1025 3366 ille
1043 3321 1131 3364 tamen
1149 3309 1237 3378 impiis

138 3387 179 3452 qai
195 3387 327 3439 fortunati
355 3403 413 3440 csse
433 3386 591 3441 videbantur
609 3387 637 3437 in
657 3400 784 3452 praesens
809 3393 892 3437 totum
911 3402 940 3437 se
960 3385 1125 3438 oommitlere
1143 3380 1238 3434 maluit

139 3465 162 3508 ει
182 3461 312 3510 continuo
331 3459 395 3508 milri
415 3457 592 3510 calamitatem
612 3473 715 3524 parare.
754 3456 801 3508 sed
817 3456 940 3523 prolecto
963 3456 1119 3510 felicitatem
1139 3461 1166 3505 et
1184 3467 1236 3505 ve-

137 3541 186 3577 ram
207 3530 375 3596 voluptatem
394 3529 494 3581 nullam
514 3529 604 3592 habet,
622 3529 675 3580 nisi
693 3529 763 3596 quod
788 3528 886 3579 hocin
905 3537 1024 3596 tempore
1042 3528 1148 3579 fortuna
1168 3525 1237 3576 frui.

138 3603 176 3650 tar
195 3609 221 3652 et
239 3609 401 3668 potestatam
429 3601 510 3654 habet
532 3602 593 3668 pios
626 3607 652 3650 et
681 3601 800 3652 insontes
823 3598 944 3651 homines
965 3597 1151 3666 exstinguendi
1170 3609 1237 3664 quos

136 3679 241 3736 propter
265 3673 293 3723 id
312 3673 397 3738 ipsum
416 3671 540 3724 infelices
562 3679 637 3738 putat
656 3672 726 3738 quod
753 3673 850 3722 trinum
870 3671 947 3722 deum
967 3670 1059 3722 colunt
1078 3678 1104 3721 et
1124 3683 1170 3720 eos
1191 3665 1237 3734 qui

138 3740 209 3792 deam
229 3759 294 3796 esse
314 3752 538 3812 negantemque
560 3745 605 3810 qui
618 3743 716 3794 multos
736 3743 799 3794 deos
820 3758 879 3795 esse
904 3743 1023 3806 credunt,
1043 3741 1157 3809 lugiunt.
1178 3739 1237 3804 ipse

140 3812 203 3864 enim
222 3813 346 3866 Palamae
359 3817 467 3867 deorum
488 3815 586 3866 cultum
604 3815 732 3881 sequitur.
770 3813 840 3865 unde
859 3813 937 3864 etiam
966 3813 1063 3864 lactum
1083 3821 1124 3864 est
1142 3818 1172 3862 ut
1185 3823 1237 3859 una

139 3895 193 3932 cum
211 3887 301 3952 impiis
321 3885 376 3938 illis
394 3887 500 3938 nefario
521 3887 599 3938 modo
624 3901 666 3935 me
685 3885 849 3936 tractaverit.
897 3885 987 3952 itaque
1008 3901 1041 3936 ex
1058 3883 1109 3934 hoo
1130 3895 1237 3950 quoque

140 3955 310 4008 consiliorum
331 3957 388 4010 eius
409 3975 477 4027 quae
497 3959 525 4010 in
544 3958 656 4008 melam
676 3956 758 4008 multo
778 3972 792 4007 e
811 3963 930 4021 tempore
944 3957 1031 4008 animo
1051 3954 1190 4007 volutabat
1209 3957 1236 4000 et

137 4027 246 4088 periurii
262 4029 391 4080 indicium
408 4031 486 4082 nobis
505 4029 637 4096 apparuit.
674 4043 722 4094 per
738 4026 801 4080 lllos
818 4027 886 4076 enlm
907 4028 1033 4094 periuriis
1053 4035 1079 4078 et
1097 4021 1238 4078 discordiis

142 4095 228 4148 urbem
245 4097 331 4150 facile
355 4100 485 4167 implevit.
523 4115 582 4152 nam
602 4099 653 4151 viri
672 4099 750 4165 proni
771 4105 846 4149 erant
866 4097 898 4149 ad
917 4097 1017 4166 llagitia
1037 4106 1140 4148 etcum
1159 4091 1238 4146 vultu

143 4166 207 4218 tristi
233 4177 259 4220 et
278 4170 414 4237 impietate
445 4188 550 4242 unaque
575 4169 725 4238 pharetram
751 4185 819 4238 quae
844 4170 876 4222 ad
905 4168 1026 4222 iacienda
1051 4167 1151 4236 flagitia
1171 4176 1237 4230 opus

145 4245 198 4292 erat
215 4239 381 4298 occultantes
395 4245 482 4300 *variis
502 4259 532 4296 ac
550 4241 654 4296 idoneis
674 4239 736 4294 telis
763 4241 898 4310 refertam,
924 4241 992 4295 illud
1013 4240 1122 4296 silentio
1142 4244 1169 4290 et
1187 4248 1236 4288 oo.
