2992 4916
285 271 358 348 536
588 277 812 348 NlOEPHORl
842 277 1075 348 GREGOME

285 443 398 512 κανόσι
418 444 473 510 καὶ
494 445 603 528 νόμοις
626 443 899 527 ουχκεχωρῆἀθαι
912 443 990 526 μήτε
1010 443 1054 528 τῇ
1069 446 1162 529 κοινῇ
1174 446 1238 509 τῶν
1257 447 1366 510 πολλῶν

284 547 438 638 σανηθείρι
462 547 756 631 προκατειλῆφθαι,
782 543 849 608 ἀλλ’
885 536 969 607 εἶναι
991 545 1142 624 καθάπαξ
1167 545 1327 612 ἀλλόκοτόν
1343 573 1369 611 τι
1465 590 1466 612 r

282 652 395 738 χρῆμα
417 647 473 724 καί
492 647 575 712 uriae
596 642 889 730 τερατωδέστατον,
910 644 966 728 τὴν
993 648 1055 710 τῶν
1076 647 1220 732 πατρίων
1243 647 1371 732 αἰσχρῶς

219 749 524 838 Ιιάφαιροόμενον
545 745 707 833 πρόνοιαν.
765 747 794 810 εἰ
830 739 887 812 oda
913 745 968 811 τόν
1002 744 1171 830 όμῶνυμον
1197 747 1372 822 καθελόντες

284 853 340 936 τῆς
365 849 455 928 ἀξίας
479 849 659 914 Κάλλιστον
679 843 746 932 Ιτόν
776 846 948 932 Συμεῶνην
977 845 1252 932 ἀντεισαγίηωμεν
1279 841 1393 923 adimo

287 949 434 1038 ἀφίξεται
453 947 509 1034 τὴν
521 949 674 1033 ταχίστην
685 950 852 1031 καταβοῶν
867 949 985 1024 ἐκεῖνος
997 949 1052 1014 καί
1063 949 1269 1033 κατατρέχων
1290 947 1375 1032 ἡμᾶς,

283 1051 339 1116 καί
368 1050 511 1115 ἀπαιτῶν
544 1049 625 1135 ἅπερ
665 1048 742 1134 ἡμῖν
773 1049 921 1114 ἐδεδώκει
954 1051 1043 1134 δῶρα
1071 1051 1128 1133 τῆς
1161 1048 1376 1133 ἀρχιερατικῆς

203 1218 209 1227 ,
285 1153 376 1231 ἀξίας
396 1153 487 1217 ἕνεκα
506 1151 630 1229 πάντα,
662 1154 703 1216 δι’
727 1147 813 1216 όσων
834 1149 927 1225 αὐτὸς
953 1151 1086 1234 ἐπρίατο
1105 1148 1161 1234 τὴν
1180 1149 1376 1234 μητρόπολιν.

284 1252 303 1319 δ
327 1253 365 1338 δὴ
387 1255 512 1317 πολλῶν
532 1255 635 1339 ξιφῶν
661 1250 876 1338 δριμυτέραν,
895 1253 975 1334 μετὰ
1001 1251 1084 1316 πάνυ
1106 1254 1235 1335 μακρῶς
1256 1254 1310 1336 τῆς
1331 1251 1375 1313 οἰ-

285 1354 410 1437 σχόνης,
430 1354 471 1439 τῇ
488 1354 551 1439 ἐμῇ
572 1353 697 1435 κομίζει
719 1353 815 1437 ψυχῇ
842 1349 898 1434 τὴν
918 1350 1052 1435 όδόνην·
1104 1349 1133 1414 oi
1155 1348 1217 1436 γὰρ
1236 1348 1410 1433 uoluptati

282 1455 330 1529 είς
354 1452 495 1532 ἐξέτασιν
517 1453 600 1516 ἰέναι
620 1449 677 1528 τός
697 1449 776 1534 ἐμός
808 1453 899 1528 δίκας
929 1453 985 1516 καί
1009 1453 1093 1537 ,πρίν
1116 1449 1376 1536 ἀνακαλυφθῆναι
1468 1508 1469 1530 p

283 1551 323 1618 τό
343 1555 570 1641 προτεινόμενα
590 1556 666 1616 καθ’
686 1550 777 1636 ἡμῶν
810 1553 992 1637 ἐγκλήματα
1013 1556 1135 1638 πικρῶς
1168 1549 1245 1634 ἡμῖν
1267 1550 1374 1634 ἐμβόλ-
1468 1599 1469 1602 ¹

286 1660 352 1718 λειν
375 1651 493 1719 oriamur*
510 1650 583 1728 τούς
604 1652 735 1729 ὀδόντας
760 1651 961 1728 ἀπειλοῦντες
984 1652 1238 1729 ἐπίσκοποι,καί
1260 1649 1288 1715 οὶ
1311 1650 1373 1733 μεί-

288 1757 361 1834 ζους
384 1756 446 1818 τῶν
469 1752 719 1838 προτεινομένων
740 1753 787 1819 ἔτι
806 1757 996 1837 μελετῶντες
1024 1754 1186 1841 ἐπιφέρειν
1211 1752 1373 1838 λοιδορίας,
1469 1812 1470 1831 ,

287 1852 435 1935 ἀσέβειαν
458 1853 516 1934 οὐχ
539 1851 641 1937 ἀπλῆν
663 1855 733 1918 τινὰ
758 1854 814 1919 καί
833 1856 984 1937 μονοειδῆ
1012 1850 1093 1916 ἀλλά
1114 1853 1259 1937 ποικίλην
1278 1875 1311 1918 τε
1326 1849 1404 1914 καί15
1469 1841 1470 1864 ἶ

154 1951 363 2017 aamercort
385 1955 645 2041 προβαλλομένην
675 1952 709 2019 τό
732 1955 902 2041 ἀφόρητον,
924 1955 1007 2029 τίνος
1038 1950 1077 2018 ἀν
1102 1954 1265 2039 φείσαιντο
1286 1952 1372 2037 γλῶτ-

282 2080 337 2140 της
359 2057 404 2132 εἰς
426 2055 495 2141 φῶς
514 2054 721 2140 προηγμένων
740 2059 811 2122 ,τῶν
843 2054 1092 2140 θρυλλουμένων
1124 2054 1184 2136 μὲν
1215 2053 1372 2130 ἀξίωςι,ε’ν

219 2158 393 2242 ΙΙνέφεσι
415 2160 444 2220 δ’
464 2154 543 2231 ἴσως
562 2156 618 2220 καί
640 2159 826 2241 δισταγμοῖς
841 2155 906 2221 τισί
927 2153 1230 2239 κρυπτομένωννέτι.
1272 2149 1328 2237 ἐρῶ
1347 2153 1370 2214 δ’
1470 2189 1471 2224 ι

285 2260 384 2322 ἐκεῖνο
403 2257 592 2341 τεθαύμακα
616 2261 680 2322 τῶν
715 2261 835 2322 σκαιῶν
853 2280 887 2321 τε
916 2256 972 2320 καί
999 2253 1222 2341 χυιρεκάκων,
1257 2256 1321 2330 πῶς
1338 2249 1371 2316 τό

285 2351 408 2423 ἑαυτῶν
433 2357 554 2444 αἰσχρὰ
574 2358 829 2444 παρατρέχοντες
847 2365 912 2432 τοῖς
934 2359 1023 2440 ἐμοῖς
1046 2357 1151 2431 ἀτενὲς
1170 2357 1303 2438 ἐνορῶσι
1324 2352 1403 2417 auiti
1471 2429 1472 2442 1

285 2465 355 2534 ταῖς
378 2460 470 2540 ἐμαῖς
490 2459 711 2542 ἐπιηάννυνιαι
735 2459 928 2544 λοιδορίαις,
950 2459 1006 2523 καί
1022 2459 1161 2539 μάλιστα
1184 2455 1306 2518 πάντων
1324 2450 1370 2534 τὴν

285 2557 347 2620 τῶν
369 2558 618 2621 Μασσαλιανῶν
635 2581 693 2640 μοι
723 2557 1010 2642 προσονειδίζοντες
1035 2557 1175 2641 αἳρεσιν,
1206 2550 1309 2634 συχνὰ
1325 2549 1371 2613 καί

285 2655 435 2732 πολλάκις
459 2653 715 2740 ἐνδιαβάλλαντές
735 2680 769 2722 τε
789 2655 827 2720 ori
853 2659 1056 2723 διαλείπουσι
1075 2656 1130 2720 καί
1152 2656 1228 2742 περί
1247 2651 1301 2737 τὴν
1322 2648 1370 2714 αό-

283 2909 358 2961 tioue
378 2922 467 2960 seeum
486 2907 659 2975 adduxerant,
679 2923 759 2963 uuum
777 2911 892 2964 medium
911 2912 998 2964 risum
1016 2911 1058 2963 sit.
1079 2909 1219 2977 respoudit
1237 2909 1322 2960 suimr
1339 2907 1372 2959 td

283 2981 335 3033 duo
355 2987 433 3032 erunt
449 2996 502 3032 uua
520 2981 547 3033 iu
566 2981 710 3051 metropoli
728 2982 930 3051 metropolitae,
950 2983 977 3034 id
993 2997 1084 3051 nequa
1113 2989 1264 3033 sanatorum
1281 2986 1373 3047 patrum

211 3103 213 3114 ,
284 3050 429 3102 canonibus
449 3051 599 3119 et-legibus
619 3054 762 3118 convenit,
781 3070 871 3122 neque
905 3062 1033 3105 consueto
1061 3068 1136 3104 more
1160 3052 1307 3103 institutum
1332 3057 1373 3112 est,

283 3123 330 3175 sed
349 3121 432 3173 alieni
452 3124 574 3191 quiddam
593 3122 672 3176 habet
699 3132 726 3176 et
758 3139 865 3192 prorsus
886 3125 964 3189 miri,
995 3131 1021 3176 et
1039 3125 1154 3190 turpiter
1174 3123 1261 3174 aufert
1280 3130 1373 3189 patrum

285 3193 458 3247 voluntatem.
496 3195 547 3246 iam
568 3210 633 3246 vero
662 3197 685 3247 si
704 3197 812 3262 pomine
830 3196 907 3248 uobis
935 3202 1095 3264 eouguatum
1116 3193 1255 3247 Callistum
1286 3191 1375 3259 expul-

284 3265 381 3317 erimus
408 3279 517 3316 munere
541 3280 608 3329 suo,
634 3274 660 3317 et
687 3266 846 3334 symeonem
871 3282 961 3320 rursus
981 3267 1192 3329 restituerimus,
1222 3265 1310 3316 statim
1334 3261 1375 3312 ille

283 3333 342 3387 eum
361 3335 478 3386 elamore
496 3335 528 3387 ad
546 3351 595 3388 uos
615 3336 767 3404 properabit
785 3352 887 3407 nosque
906 3336 1016 3390 vexabit
1034 3344 1059 3388 et
1085 3343 1210 3403 reposcet
1228 3335 1296 3386 dona
1315 3348 1375 3403 quae

282 3405 359 3458 uobis
393 3406 465 3457 dedit
493 3421 541 3472 pro
568 3408 713 3476 episcopali
739 3423 867 3474 munere,
899 3416 994 3461 cuncta
1024 3407 1119 3475 quibus
1143 3404 1313 3472 metropolim
1331 3404 1375 3456 sibi

284 3477 355 3528 emit.
394 3476 445 3526 hoe
464 3484 551 3528 autem
579 3477 699 3530 dolorem
729 3478 820 3531 multis
847 3479 943 3546 gladiis
970 3479 1100 3530 aeriorem
1128 3493 1181 3528 una
1205 3491 1376 3546 magnacum

282 3545 391 3598 iufamia
417 3545 481 3597 milri
506 3548 617 3613 parabit.
665 3565 724 3600 uam
750 3551 871 3617 episcopi
898 3550 943 3619 qui
970 3551 1122 3617 priusquam
1151 3549 1184 3600 sd
1214 3546 1378 3600 examinanda

284 3618 394 3672 erimina
412 3625 473 3669 eant
493 3627 519 3670 et
538 3626 662 3688 retegam
681 3637 721 3685 ea,
743 3623 873 3672 acerrime
893 3623 920 3672 in
940 3637 982 3672 me
1002 3620 1124 3672 dentibus
1145 3618 1287 3683 frendunt,
1309 3620 1378 3671 etiam

283 3689 374 3757 plures
395 3703 480 3741 novas
502 3689 618 3742 maculas
644 3691 709 3742 mihi
738 3692 858 3744 obiicere
883 3699 977 3744 curant
999 3692 1161 3757 impietatem
1189 3691 1311 3742 nimirum
1332 3704 1378 3741 uou

283 3761 405 3826 exiguam
417 3768 444 3810 et
458 3777 534 3814 uuam
551 3763 596 3814 sed
612 3777 732 3831 magnam
747 3771 774 3814 et
788 3779 905 3830 pravam,
926 3763 1057 3831 quomodo
1074 3769 1184 3829 pareant
1195 3760 1305 3830 liuguae
1316 3763 1339 3813 si
1355 3762 1379 3811 iu

281 3830 370 3882 lucem
390 3831 532 3894 prodibunt
551 3844 619 3900 quae
638 3849 708 3885 uuae
726 3849 821 3885 reuera
837 3835 942 3902 quidem
961 3834 987 3884 iu
1001 3848 1108 3884 rumore
1125 3832 1248 3896 haerent,
1267 3833 1316 3889 sed
1332 3847 1379 3883 nu-

281 3899 358 3953 bibus
378 3899 462 3952 adhue
492 3912 518 3954 et
547 3904 922 3957 dubitationibus·oeeultata
944 3901 1027 3956 suut?
1069 3904 1189 3972 equidem
1213 3902 1265 3957 hoc
1285 3901 1380 3955 inillis

281 3969 403 4023 molestis
425 3979 457 4021 et
469 3973 610 4026 malevolis
632 3974 783 4027 hominibus
802 3976 946 4028 admiratus
967 3990 1045 4040 aum,
1064 3975 1134 4042 qaod
1159 3975 1279 4042 ipsorum
1298 3973 1380 4040 turpi-

285 4041 383 4093 tudinis
403 4041 569 4096 immemores
591 4059 666 4098 meae
692 4047 818 4098 contiuuo
850 4047 1026 4109 inhaereant,
1055 4054 1082 4099 et
1100 4044 1166 4097 meis
1184 4045 1301 4098 maculis
1318 4059 1380 4112 guu-

287 4114 375 4176 deaut,
396 4119 423 4164 et
441 4127 505 4179 prae
524 4114 584 4167 aliis
604 4115 724 4168 omuibus
755 4117 787 4168 de
806 4117 1010 4171 Masaliauorum
1035 4115 1140 4170 haeresi
1166 4131 1208 4168 me
1234 4115 1380 4184 obiurpeut.

287 4183 425 4240 enimvero
443 4185 537 4240 erebro
559 4193 585 4238 et
603 4187 729 4240 contiuuo
748 4187 942 4245 calumniantur
956 4203 998 4240 me
1014 4202 1102 4260 aeque
1120 4201 1235 4257 uuquam
1253 4187 1380 4248 destruat,
