2952 4902
251 367 475 438 nuuoamn
501 366 905 438 numunianuxxvn.
924 347 993 436 to.
1011 345 1080 438 tt.
1158 365 1227 436 rut

121 553 221 605 .σεως.
264 535 349 596 τοῦτ’
369 535 469 598 ἐκεῖνο
485 525 611 616 σχεδόν,
632 532 715 596 dread
730 531 791 616 γάρ
811 533 930 597 ἐκείνου
953 534 1064 616 λέγειν,
1087 535 1231 599 ἐπέκεινα
1243 552 1298 608 ιι

132 634 191 696 τοτ’
212 635 274 697 τοῖν
298 636 445 716 Φεραίων
468 633 569 698 πάλαι
589 629 757 718 τοράννοο,
780 628 815 708 ὃς
839 636 1004 721 τραγῳδοῦ
1021 633 1108 711 τινάς
1130 637 1231 716 ἐμμε-

129 735 193 806 λεῖς
215 735 262 796 ἐπ’
283 736 382 798 ednod
415 730 561 817 Τρωϊκάς
584 733 753 818 συμφοράς
776 733 941 814 ἐπιόντος,
964 735 1072 820 ἐπειδή
1096 734 1175 821 πρὸς
1193 737 1229 800 τά

127 832 234 909 πάθος
253 827 371 920 ᾔσθετο
390 832 608 915 χαονοάμενος
632 831 688 916 τήν
710 832 828 924 ζιμοχήν
850 835 993 919 καθάπερ
1015 835 1118 924 ξέλαίιγ
1138 835 1232 921 σίδη-

102 950 192 1014 5ρος,
213 929 390 1018 α’νεπήιῖησέ
408 929 564 1010 τεέἐθάς
586 936 641 998 καί
662 931 716 998 τὸν
740 935 902 1020 τραγῳδὸν
925 936 1044 1016 ι’ταγιάς
1067 934 1232 1020 ἐλοιδόρη-

126 1059 181 1100 σεν
206 1029 257 1099 ἐτι
278 1032 317 1118 ἐή
339 1034 395 1117 τήν
418 1034 481 1111 ἕξιν
501 1037 601 1100 edred
621 1038 676 1118 τής
699 1037 807 1117 ψυχῆς
827 1032 982 1114 ἐμάλαξεν
1005 1034 1150 1100 ὁπωσοῦν
1171 1059 1233 1117 με-

116 1136 254 1214 ταθεές,
285 1134 423 1218 αἰσχράν
452 1129 533 1200 εἶναι
554 1137 662 1220 φήσας
690 1136 720 1198 εἰ
740 1134 915 1209 τοσούτους
943 1134 1158 1219 ἀποσφάττων
1180 1132 1233 1202 άεί

124 1239 276 1317 πολίτας,
310 1244 374 1312 τοῖς
405 1239 461 1320 τής
489 1232 618 1320 Ἑκάβης
641 1237 695 1299 καί
717 1239 899 1320 Πολυξένης
933 1237 1081 1321 δακρύων
1102 1240 1232 1321 θρήνοις

125 1326 260 1421 ὀφθείη.
303 1336 443 1401 τοιοῦτον
464 1337 483 1420 ἡ
507 1334 667 1418 δυστυχής
695 1334 907 1418 μεγαλόπολις
934 1340 1005 1400 καθ’
1027 1333 1141 1419 ἓαοτής
1164 1339 1232 1416 ἐξέ-

83 1447 114 1500 10
123 1440 253 1520 θρέψεν
272 1429 453 1522 άνθρωπσν,
470 1435 526 1502 καί
538 1438 625 1501 ταῦτ’
642 1437 746 1502 εέάυῖα
770 1432 938 1521 πόρρωθεν
953 1433 1107 1524 ρ’έάμενον
1130 1435 1232 1520 ἐσχά-

126 1562 187 1621 την
212 1535 375 1603 α’πιάλειαν
399 1540 497 1621 αιέτής
519 1539 551 1602 θ’
575 1531 642 1618 άμα
675 1535 730 1602 καί
758 1537 924 1618 εέσεβείας
954 1535 1113 1620 ὑπάρχειν
1132 1536 1234 1622 αάτής

122 1635 160 1704 τά
184 1663 204 1701 κ
236 1648 395 1720 στοιχεῖον
419 1635 646 1718 ιλιπλοάμονον·
692 1634 773 1703 οἳστε
801 1641 856 1702 κατ’
876 1635 971 1714 εἴτις
991 1647 1233 1722 παρασυρεῖσαν

122 1738 179 1822 τήν
203 1740 284 1822 ἐμήν
306 1737 450 1821 ἐγκαλεῖν
471 1737 540 1821 ἔχοι
562 1744 685 1822 μητέρα
708 1735 901 1822 παραπλήσι’
931 1732 1009 1804 άττα
1032 1747 1234 1821 πεπραχοῖαν

123 1840 167 1926 τῷ
191 1842 365 1923 τηνικαῦτα
389 1841 500 1925 καιρῷ,
522 1841 577 1902 οοίι
593 1843 712 1922 ἐκείνην
735 1835 802 1904 ἀλλ’
818 1837 1094 1904 αὕτάναίτιάσθαι
1113 1836 1231 1921 χροιάν·

82 1936 146 2003 λῦά
177 1943 239 2020 μὲν
267 1937 328 2023 γάρ
362 1936 402 2002 τά
436 1937 590 2023 άλλάτρια
623 1941 723 2023 ζητάν
753 1937 949 2023 παρηνόμει,
981 1936 1003 2022 ἢ
1033 1941 1062 2002 δ’
1094 1939 1232 2020 ήμάνετο

125 2043 271 2122 ἐπίοντα,
293 2049 400 2124 τηρεῖν
423 2037 605 2124 ἐπειγομένη
626 2049 690 2116 τοῖς
713 2040 866 2126 ὀρφανοῖς
885 2045 1002 2114 τέκνοις
1024 2039 1058 2103 τό
1085 2040 1152 2122 ζήν,
1174 2065 1233 2104 κα-

124 2142 232 2226 θάπερ
255 2145 381 2226 τρογὼν
403 2139 476 2216 τοάς
504 2137 620 2223 ἓαοτής
654 2143 938 2226 νοκτοφολακοῦσα
968 2143 1068 2205 διέπει
1091 2138 1234 2214 νεοττιάς
1280 2221 1285 2231 ι

125 2241 319 2326 α’λλσφιῐλων
347 2241 497 2306 ἐπιόντων
533 2243 651 2325 ὀρνέων
673 2239 793 2316 νυκτός.
844 2242 876 2304 εί
898 2242 933 2303 δὲ
955 2240 1009 2304 καί
1030 2233 1076 2316 οἷς
1097 2242 1173 2321 περί
1190 2224 1231 2303 τά

124 2345 261 2410 τοιαῦτα
283 2341 499 2425 σονετοέτεροκ
522 2341 624 2408 ἔπεισι
654 2343 770 2425 κρίνειν
792 2345 961 2406 πείθεσθαι
984 2344 1107 2406 δίκαιον
1128 2343 1151 2380 “
1172 2337 1262 2425 εἴη,η
1279 2368 1364 2424 1351.

81 2444 218 2508 toradz’
256 2437 338 2508 εἶναι
370 2445 591 2526 διατειναίμην
620 2441 710 2526 ἔγωγ’
739 2434 777 2506 dv
821 2438 843 2506 ά
871 2441 925 2506 τάν
955 2439 1032 2506 θεὸν
1061 2443 1105 2518 εἰς
1135 2440 1233 2524 άνάγ-

126 2568 185 2619 κας
214 2545 389 2626 ἐπενεγκεῖν
422 2545 490 2608 κατ’
522 2545 622 2628 ου’τής
651 2543 781 2628 ήρέθισε
815 2541 849 2607 τὸ
882 2547 964 2626 μέγα
992 2543 1094 2619 πάθος
1123 2547 1249 2626 ἐκεῖνο,Ι

21 2661 25 2670 ’
127 2645 185 2728 τήκ
219 2647 273 2726 τής
314 2647 482 2726 βασιλικῆς
516 2643 661 2723 ἐξουσίας
696 2647 780 2730 φημί
810 2647 940 2730 ζημίαν,
985 2646 1044 2708 οτῖκ
1080 2645 1236 2730 α’νεχομέ-

113 2767 185 2808 ,νου
199 2746 327 2825 βλέπειν
341 2745 412 2808 oo’d'
427 2741 576 2812 οἰκοάσιον
587 2744 688 2829 μέσος
700 2753 764 2820 τοῖς
780 2747 933 2820 ἐκλεκτοῖς
952 2748 1233 2831 προστριβόμενσν.

131 2935 180 2974 eos
200 2922 427 2990 supergrediens,
454 2937 558 2976 omnem
576 2925 766 2977 humanitatem
794 2939 894 2976 exuere
914 2924 986 2974 etin
1008 2922 1099 2974 durum
1118 2921 1233 2990 lapidem

130 3009 161 3046 se
180 3000 284 3044 mutare
303 2993 378 3045 velle
398 2995 472 3047 visus
498 3004 539 3048 cst
568 3011 600 3049 eo
619 2995 733 3048 oonsilio
755 3004 785 3048 ut
807 3002 926 3047 naturam
951 3008 1023 3048 suam
1041 2995 1181 3045 immanem
1200 2995 1233 3047 ad

130 3072 270 3133 posterum
297 3071 401 3132 tempus
430 3068 560 3136 integram
584 3077 745 3121 reservaret.
791 3066 908 3136 quod'si
935 3064 1018 3119 liceat
1035 3081 1095 3116 cum
1119 3073 1233 3131 tyranno

130 3135 182 3188 illo
201 3134 324 3188 Pheraeo
345 3141 491 3204 comparari
510 3149 609 3207 potest,
629 3142 675 3208 qui
693 3155 773 3208 quum
791 3139 890 3191 actoris
911 3137 988 3190 suavi
1007 3152 1094 3188 rerum
1105 3137 1234 3190 Troiana.

130 3223 189 3260 rum
207 3211 365 3261 narratione
393 3211 507 3262 animum
533 3228 607 3264 suum
642 3211 743 3264 molliri
761 3211 874 3264 sentiret
900 3209 1116 3277 quemadmodum
1136 3208 1235 3260 ferrum

131 3279 205 3342 oleo,
225 3289 340 3346 repente
359 3297 373 3331 a
392 3282 456 3334 sede
480 3298 527 3334 sua
547 3281 672 3350 prosiluit
698 3291 724 3334 et
742 3290 859 3334 actorem
885 3282 930 3350 qui
950 3281 1030 3332 animi
1055 3282 1097 3333 sui
1114 3289 1235 3334 naturam

131 3351 280 3418 mitigando
301 3360 415 3404 mutaret
432 3353 668 3407 vehementissime
684 3354 826 3421 increpuit.
862 3368 922 3405 nam
944 3362 1022 3420 turpe
1042 3368 1102 3404 esse
1121 3354 1187 3406 dixit
1212 3353 1235 3404 si
1255 3403 1258 3418 ,

132 3422 191 3488 ipse
213 3423 259 3490 qui
278 3424 406 3476 continno
432 3432 472 3476 tot
490 3426 595 3478 civibus
620 3425 727 3476 caedem
752 3432 860 3492 pararet
886 3424 1010 3476 Hecubae
1032 3433 1058 3475 ct
1078 3423 1234 3492 Polyxenae

131 3491 258 3545 lacrimas
278 3495 416 3553 effundere
429 3497 575 3550 videretur.
607 3497 677 3567 quod
695 3505 840 3549 monstrum
859 3495 956 3548 infelix
973 3495 1151 3563 megalopolis
1172 3495 1234 3547 urbe

132 3564 185 3616 sibi
204 3566 331 3619 educavit
358 3582 447 3635 neque
477 3571 603 3636 ignorans
635 3569 736 3635 pridem
763 3575 912 3632 cantatum,
938 3566 1055 3618 ultimam
1081 3569 1183 3619 ruinam
1209 3572 1237 3618 et

133 3636 218 3702 ipsius
241 3644 269 3687 et
286 3639 395 3704 pietatis
417 3655 477 3692 ease
495 3642 552 3692 eius
573 3661 589 3694 κ
610 3640 725 3692 litteram
744 3638 913 3706 duplicatam.
952 3654 1035 3706 quare
1054 3640 1077 3690 si
1098 3641 1157 3707 quis
1174 3653 1234 3688 ma-

132 3714 201 3758 trem
221 3722 308 3760 meam
328 3723 396 3777 quae
425 3710 475 3762 boc
494 3720 614 3777 tempore
634 3710 732 3762 similia
751 3718 919 3777 perpetraret
937 3725 1065 3762 accusare
1084 3709 1161 3774 velit,
1180 3722 1235 3761 non

132 3777 197 3828 buio
216 3781 264 3832 sed
286 3779 328 3832 illi
354 3779 457 3847 culpam
486 3783 614 3835 attribuat
633 3782 776 3849 oportebit.
815 3781 857 3832 bic
885 3782 954 3832 euim
979 3781 1135 3834 iniuriarum
1156 3780 1235 3846 cupi-

81 3865 84 3872 *
132 3849 182 3900 dus
205 3849 286 3918 leges
313 3851 445 3918 violarim
471 3853 518 3904 illa
544 3869 608 3905 vero
635 3860 727 3905 contra
755 3868 814 3904 eum
842 3869 871 3904 se
895 3853 1014 3904 defendit
1038 3863 1067 3904 ut
1096 3851 1236 3904 infantium

132 3928 209 3986 patre
230 3922 357 3974 orborum
376 3924 456 3977 vitam
476 3934 632 3992 protegeret
651 3924 870 3992 quemadmodum
892 3923 1014 3975 columba
1033 3923 1123 3990 pullos
1143 3931 1236 3976 eusto-

132 3993 171 4044 dit
195 3999 297 4058 noctu,
325 4009 378 4061 quo
401 4002 522 4062 tempore
546 4011 611 4048 aves
639 4011 750 4062 rapaces
776 3997 929 4062 praedatum
956 3994 1094 4047 evolitant.
1142 3993 1237 4063 quodsi

133 4065 179 4131 qui
203 4065 238 4114 de
274 4065 406 4116 eiusmodi
431 4067 510 4118 rebus
541 4068 770 4134 rectius-queunt
793 4067 912 4118 iudicare
942 4067 1019 4134 sequi
1045 4083 1158 4134 aequum
1186 4071 1236 4127 est,

134 4135 258 4202 equidem
277 4136 346 4187 baec
364 4137 421 4202 ipsa
447 4138 523 4189 deum
548 4147 576 4190 ut
596 4139 717 4190 miseriae
738 4138 763 4188 ei
788 4139 904 4189 mitteret
930 4139 1048 4190 movisse
1067 4138 1148 4189 lacile
1168 4150 1236 4187 oon-

132 4205 250 4260 tendam.
288 4221 390 4274 poenas
409 4209 469 4259 dieo
488 4216 599 4276 propter
617 4209 689 4278 regis
709 4209 846 4261 libidinem
865 4225 944 4278 quum
965 4210 1030 4261 deus
1049 4225 1083 4261 ne
1101 4210 1233 4260 minimam

132 4278 242 4348 quidem
260 4277 391 4332 maculam
412 4281 446 4331 iia
465 4295 532 4352 quoe
549 4281 599 4334 sibi
616 4279 700 4350 elegit
718 4281 793 4350 inligi
813 4283 935 4350 patiatur.

229 4374 391 4450 Νιτιρέιοιαι
405 4377 504 4448 ίέιιροι
540 4377 594 4434 vot.
609 4379 661 4438 tlt.
1019 4378 1049 4430 ll
