2926 4906
131 397 133 402 ·
217 361 455 459 sursuontsa
482 386 739 456 amnnrrnlta
761 322 1085 460 mvelt-15.
1142 379 1215 464 ,481

115 552 232 630 θέλων,
257 543 404 639 φησινό
424 553 499 627 θεὸς
527 550 702 636 μετέχεται,
727 549 814 639 αὐτῷ
835 551 920 638 μόνην
954 553 1113 620 δείκνυσιν
1137 547 1219 619 εἶναι

114 650 315 736 καταληπτὸν
333 655 379 738 τρῖ
402 655 478 738 θεηλ,
501 660 565 727 τοῖς
588 654 618 714 δ’
644 649 752 727 ἄλλοις
773 655 872 716 πᾶσιν
887 651 1095 738 α’νέκφαντον·
1141 652 1158 718 ὅ
1183 657 1218 719 δὲ

114 757 285 835 Παλαμιῖς
308 753 501 839 φαινομένην
523 755 631 817 τοῦτον
652 755 757 817 καλῶν
780 753 949 837 ἐνέργειαν,
971 752 1027 839 την
1046 757 1102 818 τοῦ
1126 753 1217 840 δγιόο

117 854 307 939 διαστρέφει
346 855 508 930 διάνοιαν,
537 853 769 938 κακομηχόνως
799 852 1013 934 μετοχετεόων
1047 857 1093 932 εἰς
1123 851 1145 920 δέ
1173 885 1218 942 μη

87 956 175 1044 βδεῖ.
225 958 324 1020 έκεῖνο
346 959 391 1034 ,δὲ
423 959 490 1032 πῶς
528 955 582 1019 οὐκ
619 954 768 1031 οἷναιδές,
806 958 852 1040 τρῖ
883 958 942 1037 μὲν
971 955 1096 1041 Ἕλληνι
1122 958 1284 1042 flodus

113 1060 190 1141 κληι,
212 1057 268 1120 κατ’
290 1058 389 1121 πάνθ’
417 1055 559 1142 δμοδόξηι
583 1055 771 1132 Πλάτωνος,
805 1051 969 1136 ὁμοδοξεῖν
995 1058 1055 1139 μὲν
1083 1056 1139 1121 κατ’
1159 1058 1230 1128 α’λ-,

113 1159 203 1250 λαχῇ
234 1160 397 1242 πολλαχῇ,
417 1155 504 1220 καθὰ
527 1157 582 1220 καί
610 1157 752 1241 πρόσθεν
783 1152 859 1239 ἡμῖν
883 1153 962 1217 κατὰ
991 1159 1053 1220 τῶν
1075 1156 1217 1241 πρόσθεν

114 1257 214 1320 αὐτοῦ
233 1260 448 1342 βλασφημιῶν
461 1261 494 1321 ὲν
511 1266 581 1333 ταῖς
594 1256 764 1341 προτέραις
783 1253 872 1338 ἡμῶν
891 1255 1114 1341 α’ντιρρήσεσιν
1133 1258 1215 1321 dno-

114 1355 283 1438 δέδεικται,
307 1355 414 1420 ἔπειτα
442 1359 525 1441 μηδὲ
550 1359 606 1421 νῦν
634 1357 689 1420 έπί
708 1357 804 1438 τῆσδε
824 1357 880 1438 τῆς
908 1356 1028 1420 ἐκείνου
1048 1342 1216 1444 Ικοινωνιάς

68 1477 102 1530 10
112 1459 307 1540 ἐκλελῆσθαι
329 1451 485 1537 enadda}
507 1459 591 1542 λέγει
610 1458 670 1542 γάρ
694 1481 755 1520 που
778 1463 847 1530 ταῖς
870 1455 966 1518 αὐτοῦ
988 1455 1043 1521 καί
1064 1457 1215 1541 Πρόκλος
1292 1481 1299 1490 Α
1326 1483 1333 1490 “

111 1561 313 1642 θεολογικαῖς
345 1559 575 1644 έμφιλοσοφοῖν
606 1557 807 1634 ἀποδείξεσιν
817 1605 826 1634 ,
859 1553 908 1620 ότι
940 1559 1004 1621 πᾶν
1023 1556 1058 1622 τό
1082 1557 1215 1640 μετέχον

109 1659 168 1721 τοῦ
192 1656 405 1739 μετεχομένου
428 1657 674 1742 καταδεέστερον
695 1655 749 1720 καί
769 1655 804 1720 τό
825 1654 1035 1738 μετεχόμενον
1054 1659 1118 1723 sod.
1135 1658 1212 1740 οἷμε-
1255 1687 1269 1698 r

110 1756 247 1822 θέκτου·
297 1755 336 1822 ’τό
366 1756 427 1842 γὰρ
459 1759 592 1840 μετέχον
617 1756 678 1843 πρό
699 1761 756 1841 τῆς
783 1756 944 1840 μεθέξεως
966 1758 1071 1834 ἀτελὲς
1093 1755 1137 1837 όν,
1160 1760 1211 1824 τέ-

110 1862 197 1920 λειον
220 1857 254 1921 δὲ
269 1851 316 1942 γτῇ
336 1856 465 1938 μεθέξει
486 1858 658 1942 γινόμενον,
683 1855 829 1940 δεύτερόν
840 1859 907 1921 ἐστι
929 1857 1053 1934 πάντως
1074 1861 1131 1924 τοῦ
1151 1882 1210 1942 με-

64 1955 303 2038 15τεχομένου,
335 1953 417 2018 nati
449 1956 567 2021 τέλειόν
588 1956 655 2020 ἐστι
681 1956 857 2040 μετασχόν·
908 1953 927 2021 ό
949 1957 1011 2042 γὰρ
1035 1957 1141 2033 ἀτελὲς
1162 1953 1209 2041 ἦν,

107 2054 193 2121 κατὰ
213 2057 305 2120 τοῦτο
335 2058 392 2118 τοῦ
410 2057 676 2138 μετασχεθέντος,
711 2054 729 2119 δ
757 2063 845 2120 ποιεῖ
861 2055 980 2120 τέλειον
1002 2057 1087 2134 αὐτό,
1110 2082 1208 2120 κατα-

109 2154 285 2240 δεέστερον.
326 2152 360 2220 τό
386 2156 421 2219 δὲ
444 2157 672 2238 μετεχόμενον,
695 2154 778 2230 τινός
801 2150 836 2220 όν
861 2154 917 2220 καὶ
938 2155 975 2218 οὐ
997 2155 1129 2233 πάντων,
1153 2157 1209 2219 τοῦ

107 2257 236 2320 πάντων
259 2251 421 2331 dorcassini
444 2256 480 2319 ori
503 2255 703 2332 saubauditur
726 2254 898 2342 δφειμένην
921 2254 1034 2336 ἔλαχεν
1055 2253 1206 2341 ὕπαρξιν·

34 2373 44 2384 “
104 2353 142 2421 τό
162 2354 299 2441 μὲνγὰρ
320 2361 367 2443 τρῖ
388 2357 512 2422 πάντων
528 2358 617 2442 discip
632 2357 883 2443 συγγενέστερον,
905 2355 939 2422 τό
963 2359 997 2421 δὲ
1019 2349 1109 2440 ἦττον
1130 2379 1209 2440 σογ-

61 2456 206 2541 ηηγενές.
268 2455 392 2541 ἡγεῖται
422 2455 485 2542 ἄρα
515 2458 549 2523 τὸ
584 2457 643 2541 μὲν
677 2457 850 2541 α’μέθεκτον
883 2460 946 2522 τῶν
979 2455 1208 2540 μετεχομένων,

104 2560 208 2622 ταῦτα
232 2558 266 2621 δὲ
287 2561 350 2622 τῶν
369 2558 575 2642 μετεχόντων.
613 2569 618 2576 ’

142 2695 147 2705 ,
206 2653 300 2745 Ὁρρῖς
321 2660 390 2732 πῶς
407 2659 462 2722 καί
486 2659 636 2744 Πρόκλος
659 2661 775 2734 ἐκεῖνος
802 2655 908 2754 ᾇτοῑς
940 2658 1084 2734 εἰδώλοις
1104 2666 1272 2744 προσ-ιι

105 2764 252 2841 κείμενος
267 2765 357 2843 τρεῖς
373 2759 580 2845 παραδίδωσι
595 2759 707 2838 τέξεις,
729 2761 784 2824 καὶ
796 2761 838 2845 τῇ
858 2760 917 2842 μὲν
937 2760 1045 2846 προότη
1066 2758 1102 2830 τὸ
1127 2758 1206 2842 ἀμέ-

106 3010 162 3065 quo
183 2995 248 3046 deus
280 3006 310 3046 se
334 2994 462 3062 cognosci
482 2993 555 3058 vult,
587 2994 611 3044 ei
631 2994 748 3045 ostendit
776 3007 836 3046 esse
857 2992 1126 3060 comprehensibilem
1144 2995 1205 3058 deo,

107 3067 211 3118 ceteris
231 3065 352 3121 omnibus
373 3066 546 3132 incognitam.
588 3063 708 3116 Palamas
732 3072 819 3116 autem
850 3064 925 3115 illurn
947 3079 1046 3119 vocans
1072 3079 1206 3130 apparen-

105 3146 161 3190 tem
183 3139 326 3200 virtutem,
351 3139 435 3188 saneti
460 3137 618 3188 sententiam
637 3138 783 3201 pervertit,
804 3134 897 3186 dolose
917 3151 965 3199 eo,
985 3150 1037 3202 quo
1056 3149 1110 3186 non
1132 3134 1205 3198 lieet,

106 3209 290 3276 perducendo.
327 3201 595 3272 nonneimpudentis
614 3216 664 3271 cst,
684 3223 742 3257 cum
764 3207 865 3258 Graeco
884 3205 933 3258 illo
955 3205 1059 3269 l'roclo,
1079 3205 1124 3271 qui
1147 3221 1205 3256 cum

106 3279 220 3332 Platone
238 3279 344 3329 omnino
364 3281 506 3342 consentit,
526 3286 553 3329 et
571 3279 722 3329 consentire
735 3277 824 3327 multis
843 3276 903 3328 aliis
923 3277 1007 3340 locis,
1027 3285 1055 3328 ut
1073 3284 1151 3328 antea
1172 3278 1206 3328 de

107 3335 167 3402 eihs
196 3349 367 3414 blasphemiis
399 3350 490 3416 primis
520 3350 618 3401 uostris
644 3348 849 3400 refutationibus
878 3350 1061 3411 ostendimus,
1090 3347 1150 3398 dein
1170 3362 1205 3398 ne

104 3436 180 3472 nnnc
199 3421 303 3488 quidem
324 3420 398 3471 illius
413 3421 625 3486 participationis
644 3418 790 3472 oblivisci?
826 3419 891 3471 dicit
911 3418 1105 3470 enimProelus
1125 3417 1205 3470 tboo.

104 3492 206 3560 logicis
231 3506 293 3542 usus
321 3491 612 3559 argumentationibus:
639 3507 716 3544 omne
737 3491 806 3558 quod
832 3492 1008 3542 eommunicet
1025 3506 1084 3541 esse
1103 3491 1205 3556 imper.

106 3563 206 3614 lectius
233 3577 310 3628 qnam
330 3563 399 3629 quod
422 3561 649 3626 communicetur,
682 3571 708 3614 et
734 3563 760 3613 id
789 3564 859 3629 qnod
878 3562 1101 3624 communicetur,
1127 3575 1204 3628 quant

106 3634 179 3701 quod
199 3634 386 3684 communicari
405 3639 530 3698 nequeat.
551 3634 619 3700 quod
640 3635 710 3684 enim
730 3633 911 3684 communicet
929 3632 963 3684 ob
983 3633 1203 3683 communicatio.

105 3719 169 3756 nem
204 3705 387 3769 imperfectum
419 3703 566 3768 perlectum
603 3712 688 3755 autem
720 3719 768 3769 per
799 3703 1064 3754 communicationem
1096 3703 1202 3765 lactum,

107 3777 216 3827 omnino
238 3776 430 3826 communicato
450 3774 593 3824 secundum
614 3783 669 3837 est,
688 3782 817 3840 quatenus
844 3775 1039 3824 communicans
1054 3774 1202 3839 perlectum

107 3846 237 3914 estquod
259 3849 328 3896 enim
349 3845 532 3912 imperfectum
560 3845 626 3908 init,
651 3846 683 3896 ad
704 3842 770 3894 illud
790 3845 1007 3894 communicatum
1027 3841 1096 3910 quod
1116 3845 1200 3909 ipsum

104 3918 256 3984 perlectum
275 3917 376 3979 reddit,
399 3915 583 3981 imperiectum
602 3923 651 3966 cst.
672 3915 742 3980 quod
757 3914 964 3965 communicatur
983 3931 1041 3964 eum
1064 3915 1154 3982 aliquo
1175 3921 1202 3964 et

104 4004 159 4039 non
180 4003 239 4038 cnm
259 3987 388 4049 omnibus,
410 3987 467 4036 eius
489 3985 558 4052 quod
578 3987 731 4036 universum
744 3992 784 4034 est
804 3993 830 4034 et
850 3999 903 4035 non
923 3985 1035 4036 alicuius
1056 3986 1201 4036 subiectam

105 4065 267 4110 consecutus
286 4066 327 4108 est
348 4058 498 4108 essentiam.
543 4054 594 4106 boc
622 4057 690 4106 enim
720 4056 839 4106 universi
859 4063 966 4106 causato
995 4058 1079 4124 magis
1099 4069 1201 4121 cogna-
1265 4053 1271 4066 ’

103 4138 170 4194 tum,
191 4129 257 4180 illud
278 4129 362 4178 minus
381 4136 531 4192 cognatum.
573 4134 692 4192 praestat
709 4127 791 4193 igitur
817 4127 1066 4178 incommunicabile
1081 4141 1201 4177 commu.

102 4201 210 4264 tricatio,
232 4201 424 4252 communicata
444 4206 531 4254 autem
550 4199 815 4249 communicantibus.

203 4287 338 4354 Videsne,
377 4288 508 4358 quomodo
537 4287 646 4344 l‘roclus
673 4288 723 4341 ille
752 4287 833 4342 idolis
863 4290 982 4343 addictus
1015 4297 1070 4343 tres
1096 4301 1199 4358 propos.

193 4388 358 4459 Nicophanes
369 4388 480 4458 λέκτρον.
507 4387 629 4448 Vettii.
924 4431 927 4441 .
979 4387 1012 4441 tt

1178 4519 1187 4544 l
