2952 4902
266 305 315 380 so
442 261 447 272 ⁴
568 311 791 381 arcensem
822 311 1050 381 enseoaau

265 478 410 560 νηθησαν
434 483 503 550 τοῖς
527 478 580 560 τῆς
598 477 817 558 Προποντίδος
839 476 1109 559 προσεληλυθέναι
1135 470 1253 558 νήσοις,
1275 476 1361 540 δυοῖν

261 580 398 650 ,δέουσαι
420 570 649 660 ἐβδομήκοντα,
671 579 730 639 τοῦ
752 575 871 659 χρόνον
891 577 1062 660 τηνικαῦτα
1083 575 1139 652 τός
1159 580 1217 640 τοῦ
1238 579 1362 658 χειμῶ-
1416 598 1424 603 ·

126 682 136 692 “
229 675 231 679 ’
266 701 317 760 νος
338 679 491 760 ἐσχατιὰς
521 677 834 762 παραθέοντας,καί
863 682 1032 758 μέλλοντος
1062 671 1137 742 taor
1160 679 1285 742 ον’δίπω
1307 676 1363 752 τός

267 779 321 860 τῆς
344 779 453 862 η’ρινῆς
480 780 647 863 ἰσημερίας
669 778 811 860 α’νίσχειν
843 774 970 860 τροπός.
1022 775 1155 861 κῶπειδη
1179 775 1276 860 λιμην
1298 785 1364 852 ταῖς

267 876 372 962 νήσοις
396 875 527 953 ἐκείναις
549 879 606 940 ονίι
623 869 659 962 ἦν
682 879 810 966 ου’δαμῇ
823 875 961 966 τοσοότρν
984 876 1086 968 στόλρ
1105 875 1281 962 προσήκων,
1304 889 1394 957 pas-5

53 983 62 1004 “
137 979 379 1061 ῖ.1151ν.τιόιροι
398 971 611 1064 νυχθημέροις
631 981 723 1043 δυσίν
736 982 784 1044 ἐπ’
796 982 940 1063 α’μκυρῶν
953 979 1104 1045 ἐσάλευον
1115 975 1236 1042 ἅπασαι
1249 980 1273 1016 “
1283 978 1365 1042 πάνυ

112 1069 117 1083 ’
264 1105 295 1144 τι
320 1083 520 1167 πλημμελῶς,
542 1083 599 1143 τοῦ
621 1103 653 1142 τε
679 1078 819 1160 κύματος
836 1079 979 1144 κάτωθεν
1004 1080 1212 1160 α’νοιδοῶντος,
1234 1081 1288 1144 καί
1310 1084 1367 1145 τοῦ

265 1179 584 1266 πνεόματοςοόδαμῇ
616 1205 664 1244 πω
696 1177 813 1264 λη’ξεως
839 1180 1052 1264 μεμνημένου.
1107 1173 1209 1265 ἧμόρ
1233 1175 1273 1244 όν
1295 1181 1367 1264 ἐνῆν

264 1284 318 1347 καί
338 1283 368 1344 Γ
366 1285 541 1356 εννοοίταις
562 1281 617 1346 ἐπί
636 1284 721 1368 σφᾶς
742 1279 891 1366 ἐξαίφνης
914 1285 1135 1362 πλεοσεῖσθαι,
1151 1282 1250 1346 πόλοι
1272 1283 1368 1346 torisa
1467 1345 1468 1348 ,

264 1385 437 1467 μελετηθέν
461 1385 571 1458 ου’τοῖς
592 1387 938 1468 καίπαρασκευααθὲν
970 1387 1197 1462 κεκοπωμένοις
1215 1387 1368 1448 ἐπεισπε-
1381 1396 1413 1449 10
1467 1367 1468 1432 l

201 1491 332 1551 noeais
352 1481 432 1546 κατό
467 1487 520 1549 τόν
552 1483 722 1548 α’νόπλουν.
768 1483 829 1564 χκαί
855 1485 1048 1562 ταῦταμὲν
1081 1485 1157 1570 τῇδέ
1185 1510 1227 1571 πη
1254 1479 1366 1564 ἔσχεν·

265 1587 331 1650 ἀλλ’
355 1581 523 1668 ἐπειδήπερ
556 1587 613 1648 oria
646 1576 684 1668 ἦν
714 1587 745 1658 ές
772 1589 867 1650 πλέον
896 1585 965 1648 οὐδ’
994 1587 1147 1650 ἐνταυθοῖ
1174 1586 1368 1668 καθημένοις
1467 1649 1468 1680 ,

264 1681 406 1774 θαλάττη
440 1688 495 1749 καί
524 1684 642 1766 κόμαοι
669 1683 837 1767 μα’χεσθαι
865 1687 920 1748 καί
952 1683 1106 1766 πνεύματι
1138 1687 1366 1770 τραχυνομένιρ
1467 1685 1468 1780 l

265 1788 414 1870 διηνεκῶς
429 1798 443 1869 ,’
463 1780 595 1880 ῶραντςς
610 1790 731 1852 ἐκεῖθεν
752 1795 885 1867 τριταῖοι
908 1787 981 1867 περί
999 1787 1106 1869 δειλην
1128 1784 1226 1866 ὀψίαν
1248 1783 1367 1872 κατῄε-

264 1909 325 1950 σαν
345 1887 460 1972 .η“ρέμα
490 1886 544 1952 καί
578 1890 751 1972 μοχθηρῶς
779 1891 811 1962 ές
848 1884 903 1952 τόν
933 1888 995 1970 τῶν
1026 1887 1211 1965 Βυζαντίων
1239 1887 1365 1966 λιμένα.
1380 1896 1410 1948 15

245 1990 320 2052 ’καί
343 1981 410 2068 όμα
429 1989 570 2073 τριήρεις
593 1991 740 2052 ἐντεῦθεν
764 1985 845 2051 σ’κτῶ
868 1986 1058 2069 ἀναχθεῖσαι
1085 1985 1264 2077 Ῥωμαῖκαί
1283 2001 1367 2050 συν.

265 2090 416 2172 διέφερον
448 2085 505 2170 την
536 2089 721 2172 καταγωγήν
750 2093 804 2154 καί
826 2089 1055 2169 συνεκρότουν,
1089 2083 1289 2170 προάγουσαι
1311 2089 1371 2150 κατ’

241 2185 524 2272 ’χειραγωγοόσαα
578 2187 657 2252 diat
690 2192 771 2272 πρίιῖ
792 2184 942 2270 ἅψασθαι
972 2190 1048 2270 γῆς,
1077 2186 1281 2270 ἐπιπλέουσιν
1314 2190 1367 2266 ἐξ.

264 2291 378 2375 ιιίφνης
401 2290 516 2366 αότοῖς
539 2287 572 2355 αἱ
596 2293 626 2356 Γ
624 2277 816 2355 εννουιτικαί
834 2287 984 2372 τριήρεις,
1007 2289 1243 2374 έφεδρεόουσαι
1267 2288 1371 2354 πόλαι

265 2392 364 2454 αολόν
390 2414 460 2453 τινα
484 2391 612 2473 χρόνον.
656 2391 711 2456 κατ’
733 2395 844 2472 πρῶτα
865 2394 924 2473 μέν
946 2391 1084 2473 τριήρεις
1100 2389 1409 2472 ταχυναυτοιῖσοιςνθ

263 2486 382 2552 σύνδυο
414 2493 470 2552 καί
501 2487 644 2586 αόντρεις
674 2488 708 2554 ἐκ
746 2493 958 2573 διαστήματος
987 2493 1020 2567 ἐς
1056 2486 1203 2573 πρύμναν
1239 2492 1370 2556 ἐκείνων

264 2589 490 2671 προέπεμψαν,
509 2585 639 2654 κᾶπειτα
663 2593 921 2676 ἐσπουδασμένην
950 2591 1019 2656 arod
1043 2595 1099 2656 κατ’
1117 2594 1205 2671 μόλα
1230 2614 1259 2654 τι
1282 2581 1376 2680 opti·-

265 2691 326 2771 δρα
349 2687 479 2754 κατόπιν
501 2693 605 2769 όξεῖαν
636 2690 670 2757 αἱ
700 2696 809 2782 πᾶσανΙ
827 2692 882 2778 την
912 2690 1028 2778 ἐφοδον
1062 2693 1244 2774 ἐποιοῦντο,
1269 2691 1313 2768 ῶς
1335 2697 1368 2768 ’ἐς

265 2788 403 2873 οἷνοῖγκας
427 2791 508 2856 ἰέναι
531 2792 726 2875 Βενετικοός,
747 2794 859 2878 καίπερ
892 2787 977 2879 οὕτω
994 2796 1234 2874 κεκοπωμένους
1256 2796 1313 2858 κατ’
1333 2795 1367 2858 ἐν

264 3095 324 3131 sere
338 3077 444 3146 placido
467 3086 556 3130 austro
574 3079 650 3130 initio
671 3080 775 3146 quidem
790 3078 880 3143 flante,
897 3087 1011 3147 postero»
1025 3080 1068 3131 die
1088 3086 1174 3137 autem
1194 3095 1280 3147 usque
1299 3082 1367 3134 adeo

263 3149 490 3212 increbrescente,
505 3157 534 3200 ut
548 3165 629 3218 aegre
643 3151 675 3202 ad
690 3151 791 3203 insulas
801 3150 969 3217 Propontidis
983 3166 1041 3202 eum
1055 3152 1195 3219 sexaginta
1208 3159 1270 3202 octo
1284 3155 1367 3204 navi-

264 3220 314 3272 bus
329 3221 473 3286 pervenire
484 3229 593 3286 possent
606 3230 720 3272 exeunte
739 3221 826 3274 bieme
842 3230 868 3272 et
879 3223 1049 3289 aequinoctio
1063 3238 1147 3274 verno
1160 3223 1265 3274 iamiam
1280 3239 1367 3290 appe-

263 3299 347 3342 tente.
368 3306 446 3358 quum
461 3305 527 3341 vero
541 3300 643 3356 portus,
658 3295 701 3360 qui
720 3301 816 3344 tautam
834 3291 945 3344 classem
965 3307 1061 3359 capere
1074 3301 1174 3360 posset,
1194 3293 1249 3345 illis
1270 3294 1366 3346 insulis

263 3375 317 3412 non
338 3369 418 3424 esset,
432 3375 480 3427 per
498 3361 607 3414 duorum
623 3365 724 3416 dierum
737 3364 909 3430 noctiumque
922 3365 1034 3431 spatium
1053 3364 1081 3416 iu
1096 3364 1151 3416 alto
1171 3377 1263 3417 ornnes
1282 3381 1367 3418 naves

263 3441 384 3495 temere,
405 3434 432 3484 in
452 3434 556 3484 ancoris
576 3432 729 3499 fluitabant,
749 3434 830 3500 lluptu
850 3435 882 3486 ab
902 3436 954 3486 imo
974 3436 1167 3486 intumescente
1186 3451 1276 3503 neque
1295 3445 1367 3488 tem-

264 3497 368 3570 pestate
387 3518 501 3570 unquam
521 3506 685 3557 considente.
706 3506 763 3558 lieri
784 3505 861 3556 etiam
881 3507 975 3572 potuit,
995 3513 1024 3556 ut
1044 3507 1199 3558 Genuenses
1218 3507 1366 3574 derepente

265 3576 292 3624 in
314 3588 360 3626 eos
381 3590 485 3626 cursum
505 3575 688 3642 intenderent,
715 3577 840 3645 qui-iam
865 3578 910 3628 diu
938 3577 964 3628 id
993 3576 1107 3644 agebant
1125 3585 1204 3645 atque
1225 3579 1365 3644 parabant,

264 3653 293 3696 ut
313 3659 358 3696 eos
390 3647 460 3698 inter
487 3647 663 3714 navigandum
692 3649 852 3716 defatigatos
879 3647 1054 3700 adorirentur.
1099 3647 1166 3699 baec
1195 3650 1302 3717 quidem
1322 3665 1366 3702 res

265 3717 304 3769 sie
325 3716 432 3768 solere
452 3717 574 3770 babebat.
613 3735 690 3787 quum
711 3733 776 3770 vero
797 3719 865 3771 baud
884 3720 983 3770 diutius
1010 3735 1068 3770 oum
1081 3719 1153 3770 ‘mari
1173 3728 1253 3788 atque
1274 3719 1365 3772 llueti-

264 3787 336 3849 bus,
358 3791 522 3855 tempestatis
541 3791 568 3842 vi
586 3805 639 3841 non
659 3791 820 3854 remittente,
841 3789 988 3842 conflictari
1008 3798 1125 3858 possent,
1146 3792 1251 3844 ancoris
1271 3792 1364 3844 subla-

256 3859 299 3909 ‘tis
321 3858 524 3925 inde-provecti
543 3862 623 3912 tertio
643 3862 686 3912 die
706 3861 754 3914 sub
781 3877 920 3930 vesperam
950 3862 1024 3914 tarde
1043 3870 1123 3928 atque
1149 3877 1231 3930 aegre
1250 3863 1279 3912 in
1299 3878 1364 3930 por.

265 3936 319 3978 tum
338 3927 515 3996 Byzantinum
533 3932 704 4000 navigabant,
726 3941 787 3984 octo
807 3932 957 3984 triremibus
977 3933 1101 3984 Romanis
1120 3933 1248 4002 trahendo
1269 3941 1297 3984 et
1315 3935 1364 3986 du.

267 3999 351 4050 eeudo
374 4001 513 4068 appulsum
533 4003 559 4054 in
578 4012 681 4070 portum
699 4005 883 4056 adiuvantibus
903 4011 929 4054 et
942 4003 1154 4056 sublevantibus.
1167 4020 1259 4057 verum
1274 4006 1364 4072 prius-

266 4085 344 4137 quam
363 4073 547 4140 appellerent,
568 4076 689 4126 triremes
715 4076 869 4128 Genvrenses
895 4076 1009 4126 iamdiu
1038 4077 1071 4129 iis
1090 4076 1231 4128 insidiatae
1250 4084 1363 4143 repente
1439 4102 1443 4110 ·

219 4167 223 4178 ·
256 4141 436 4209 adnavigant.
481 4154 561 4213 atque
586 4146 697 4214 primum
725 4148 829 4215 quidem
855 4146 985 4213 expeditis
1007 4147 1120 4199 navibus
1144 4147 1213 4212 binis
1233 4155 1259 4197 et
1279 4149 1362 4199 ternis

175 4217 176 4222 ’
266 4228 298 4264 ex
320 4213 465 4268 intervallo
485 4217 511 4268 in
532 4232 634 4286 puppes
657 4232 746 4269 eorum
766 4218 918 4286 praemissis
941 4233 997 4269 eum
1018 4217 1138 4272 omnibus
1158 4218 1271 4284 navibus
1292 4218 1362 4292 omni
