2880 4910
183 325 404 397 nxsromm
430 325 690 397 amlmmax
715 331 813 398 xxx.
830 313 1018 401 'es-to.
1057 279 1187 402 ”ota

67 487 146 574 -έγον
166 487 365 580 περιγραφην
385 473 537 578 θεότητάς
554 515 588 556 τε
610 492 779 576 ὀνομάζειν
809 498 865 560 καί
885 488 1018 564 ῦκτιστα
1043 520 1168 582 προσα-
1244 543 1253 550 -

84 589 349 676 γιροῦειν,τολμσῑν
371 594 548 660 ἀναπείθει.

168 695 232 758 Ἐπί
253 697 374 771 τούτοις
398 692 419 760 ai·
437 699 536 778 μέγας
549 700 729 781 λογοθέτης,
750 693 849 783 σοφὸς
865 693 910 761 οῦν
932 696 1010 782 ἀνὴρ
1035 698 1089 764 καί
1104 704 1229 773 cuim
1338 679 1349 692 ⁸

84 797 243 877 λεγομένων
266 799 386 870 συνιείς
408 797 556 862 ἀπάνταν
578 794 719 878 μάλιστα
742 791 811 863 ῦσοι
833 800 1078 882 duplicandum
1100 803 1171 866 έιεῖ

64 897 132 959 δοῦν
151 892 203 958 ἐπί
222 894 297 983 δάξη
325 901 584 980 σεμνυνομένων,
616 903 696 983 φησί
727 895 806 981 πρὸς
835 897 890 963 τὸν
921 904 1086 984 Παλαμῦν
1106 899 1166 967 ’ἔτι

82 999 148 1075 βοῦν
167 995 356 1080 ὁρμημένον
375 995 433 1081 τὴν
447 995 576 1062 ἔκτοπον
591 1003 711 1084 ἐκείνην
723 999 777 1063 καί
797 1002 902 1090 α’σορίρ
922 1005 1031 1088 μακρᾷ
1051 1026 1167 1084 κεκρα·

82 1102 164 1182 μένην
185 1099 479 1180 παραδοξολογίαν,
504 1098 546 1175 ὥς
570 1101 664 1164 οῦδὲν
686 1103 791 1184 ἕτερον
812 1106 919 1182 βλέπω
939 1125 976 1166 σε
998 1105 1055 1166 νῦν
1077 1108 1166 1168 ἀπει-

82 1191 207 1279 γάμενον,
232 1189 404 1280 ἄνθρωπε,
434 1192 453 1282 i
480 1201 518 1286 τῇ
540 1201 904 1290 ποίιιιλογιήιθηρᾶσθαιΙ
922 1199 1017 1280 δόξαν
1041 1203 1165 1286 ἀνδρῶν

83 1298 206 1377 ἀμαθῶν
225 1297 459 1383 μηχανώμενον
490 1305 545 1364 καί
575 1300 619 1383 μη
656 1303 758 1365 δοκεῖν
789 1300 868 1384 πρὸς
899 1304 961 1368 τῦν
995 1302 1165 1370 ἀντιθέτων

52 1397 237 1484 toletanum.
280 1399 361 1466 ἀλλὰ
382 1399 447 1485 μην
469 1402 562 1467 αῦτοί
580 1423 615 1484 γε
637 1403 690 1484 τῆς
713 1403 865 1487 ἀληθείας
889 1402 918 1468 oi
941 1405 1027 1487 λόγον
1048 1416 1165 1490 σαφεῖς
1212 1415 1224 1426 “

82 1506 127 1566 κοί
146 1499 425 1588 ἀναμφισβητητοί
449 1502 530 1584 εἰσι,
563 1508 619 1568 καί
639 1507 690 1587 ἀφ’
714 1499 821 1578 ἱστίας
848 1503 959 1588 έχουσι
981 1503 1014 1571 τέ
1041 1507 1163 1572 πιστόν.

82 1601 128 1678 οῦς
149 1604 185 1687 δὴ
208 1602 263 1668 καί
283 1600 408 1678 ἀκούεις
429 1601 508 1684 πρὸς
533 1606 592 1668 τοῦ
613 1607 643 1670 Γ
641 1605 762 1690 ρηγοροῖ
789 1611 984 1690 φερομένους
1007 1605 1089 1687 ῦμοῦ
1110 1611 1166 1672 καί
1230 1669 1235 1678 ,

81 1710 132 1769 ταῖν
152 1707 203 1769 σοί
222 1706 396 1786 λεγομένοιν
420 1705 556 1768 αῦτὸθεν
584 1702 617 1769 τὸ
640 1704 802 1791 σφαλερὸν
820 1703 977 1788 ἔχοντας.1
1007 1711 1082 1774 οῦδὲ
1103 1707 1163 1790 γάρ

82 1807 141 1868 τίδ’
157 1803 240 1888 έχεις
262 1800 501 1888 ἀνθοποφέρειν
524 1789 748 1888 οῦδένῦγιές,
783 1806 863 1871 ἀλλά
886 1808 1048 1893 γραφικάς
1072 1808 1165 1890 κομί·

50 1908 137 1983 itiam
163 1899 394 1983 ἀπαιτούμενος
416 1909 615 1989 μαρτυρίας,
645 1905 750 1991 ῥητῶς
778 1907 1034 1993 ἀποφαινομένας
1063 1908 1195 1973 αῦτῦ-··
1233 1915 1236 1922 ’
1280 1919 1288 1928 “

81 1997 329 2091 χρημαπλεῖστα
360 2004 397 2069 ui
422 1998 552 2070 οἴκτιστα
574 2007 628 2089 τῆς
650 2002 902 2089 τρισοπσστάτοο
933 2006 1075 2094 διάφορα
1096 2006 1163 2095 φῦ-

81 2129 159 2188 σεας,
179 2103 288 2170 ἔπειτα
308 2103 353 2190 μη
375 2107 548 2187 δυνάμενος
571 2099 650 2181 ilaec
665 2102 771 2187 εῦριϊν
791 2111 973 2191 μαρτυρίαν
994 2107 1163 2192 ἡντιναοῦν
1176 2130 1229 2184 u

82 2206 196 2284 οῦδενές
220 2212 285 2273 ττῦν
309 2207 428 2294 ἀγίανν,
454 2205 540 2290 παρά
568 2209 690 2271 σαυτοῦ
721 2203 869 2290 σονάγεις
904 2206 1022 2290 αιίτάς,
1056 2204 1075 2271 ῦ
1100 2211 1163 2275 νοῦν

80 2305 283 2374 ἀτοπωτάτονν
302 2305 397 2372 ἐστίν.
451 2311 485 2372 έκ
520 2305 582 2390 γάρ
604 2303 719 2390 ἑτέρων
739 2305 866 2391 ἑτέραις
896 2307 948 2372 ἀεί
970 2312 1163 2391 περιπίπτων

49 2414 292 2498 κδκαινοφοονίαις
317 2413 405 2495 σαφῆ
426 2434 458 2475 τε
492 2409 547 2474 καί
571 2406 777 2496 ῦπερήφανον
806 2409 945 2475 αῦτέάεν
982 2399 1081 2486 εῦθῦς
1104 2409 1163 2492 τήν

80 2513 157 2594 δίκην
176 2513 231 2578 τοῦ
253 2512 373 2576 ἀδικεῖν
404 2509 610 2596 ῦφλισιιάνεις.
662 2510 761 2594 ῦγάρ
783 2508 908 2576 οἴκοθεν
928 2509 1098 2595 ἐπιχειρῶν
1120 2507 1160 2575 aei
1239 2508 1242 2516 ’

79 2610 147 2676 κατά
169 2609 322 2697 βούλησιν
345 2614 559 2694 δογματίζειν,
585 2615 642 2678 τοῦ
659 2610 793 2678 καλέειν
816 2611 981 2693 ἶσχῦοιτος
1004 2613 1161 2696 τηνικαῦτ’

79 2712 240 2789 ἐνδιδόντος
263 2711 347 2795 ὁμοῦ
368 2715 424 2778 καί
438 2713 673 2796 παροξύνοντος,
689 2711 747 2774 οῦιι
763 2703 801 2776 ἀν
820 2706 941 2796 φθάνοι
965 2709 1023 2795 τὴν
1044 2709 1161 2794 τάσεβῆ

80 3021 153 3072 omnis
170 3029 256 3075 autem
274 3035 319 3073 ros
339 3034 407 3088 quae
426 3032 582 3086 corpoream
596 3014 677 3069 habet
694 3015 965 3083 circumscriptionem
983 3023 1013 3069 ut
1031 3016 1158 3069 divinita.

79 3097 112 3142 tes
125 3108 218 3146 vocare
238 3099 265 3145 ct
284 3092 401 3144 increata
419 3089 557 3158 appellare
576 3096 706 3142 conentur
726 3102 773 3140 eos
792 3088 906 3140 adducit.

163 3191 224 3242 l'um
244 3187 383 3257 logotheta
398 3201 518 3255 magnus,
537 3187 644 3252 sapiens
664 3185 705 3238 via
728 3193 755 3236 et
779 3184 849 3236 dicta
870 3182 1026 3253 intelligens
1046 3186 1159 3238 maxime

80 3261 243 3329 omnium‘qui
269 3261 379 3311 aderunt
408 3266 462 3309 tum
481 3259 519 3310 ibi
541 3273 574 3309 ex
598 3259 632 3309 iis
659 3257 703 3326 qni
724 3255 811 3324 gloria
829 3254 979 3308 insolenter
1008 3273 1037 3308 aa
1059 3257 1159 3308 effero.

79 3328 139 3395 lant,
159 3334 190 3385 ad
210 3331 340 3384 Palumam
366 3331 433 3382 dixit
459 3330 663 3381 contendentem
692 3328 841 3380 acclamare
858 3329 950 3396 inepta
968 3325 1016 3380 illa
1036 3335 1064 3380 et
1080 3328 1160 3381 ualde

79 3402 252 3470 intempestive
278 3403 392 3454 immista
420 3402 568 3468 paradoxas
597 3399 666 3453 nihil
692 3399 855 3455 aliuduunc
874 3400 953 3451 video
974 3407 1003 3451 te
1027 3408 1158 3467 spectare,

80 3477 187 3543 egregie,
205 3489 283 3543 quam
303 3472 466 3541 loquacitate
485 3473 592 3538 studere
610 3472 702 3524 laudes
722 3473 814 3522 venari
836 3471 970 3523 hominum
989 3472 1157 3524 indoctorum

79 3551 148 3612 utque
166 3547 197 3599 uh
216 3545 376 3599 adversariis
403 3546 523 3612 superari
547 3539 600 3595 non
619 3543 722 3604 ‚viderit
748 3551 866 3595 attamen
889 3544 942 3610 ipsi
961 3542 1081 3596 veritatis
1099 3559 1159 3596 ser.

80 3628 158 3670 mones
177 3617 241 3670 clari
260 3626 323 3671 sunt
340 3625 367 3670 et
385 3615 577 3678 irrefutabiles,
600 3623 627 3666 et
645 3629 740 3681 perse
760 3614 835 3666 iidem
856 3613 968 3678 hahent,
994 3630 1061 3684 quos
1080 3617 1159 3666 etiam

79 3689 143 3740 audis
166 3691 318 3759 aGacgora
348 3687 463 3754 proferri
489 3696 516 3738 et
543 3689 671 3738 dictorum
690 3695 794 3738 tuorum
824 3702 858 3737 ex
885 3701 917 3737 co
936 3687 995 3754 ipsc
1016 3685 1159 3738 falsitatem

79 3755 210 3826 declarare,
229 3777 318 3829 neque
338 3762 408 3812 enim
427 3767 503 3827 potes
520 3765 611 3810 contra
631 3758 726 3809 alienae
747 3757 803 3810 sani
827 3758 985 3826 quidquamt
1004 3757 1051 3810 sed
1069 3759 1159 3808 moni.

79 3831 113 3880 tus
129 3841 155 3883 ut
168 3834 287 3900 proteres
305 3833 405 3898 scripta
423 3831 584 3892 testimonia,
604 3844 673 3896 quae
692 3837 784 3894 aperte
801 3827 1029 3895 declarentplane
1045 3829 1158 3896 plurima

79 3899 183 3956 increata
201 3905 307 3957 diuersa
328 3918 388 3954 asae
406 3917 421 3953 a
441 3909 534 3954 natura
553 3908 594 3952 tea
613 3901 768 3968 supposita,
793 3915 851 3951 cum
870 3915 924 3952 non
943 3901 1030 3968 possis
1049 3901 1157 3952 omuino

78 3969 187 4027 invenire
206 3975 385 4027 testimonium
406 3973 489 4025 ullum
510 3973 664 4039 cuiusquam
688 3979 855 4036 sanctorum,
878 3987 911 4023 ex
924 3979 956 4028 ,to
976 3973 1034 4040 ipso
1054 3985 1158 4040 conge.

78 4042 150 4096 rista
168 4046 419 4114 quaeineptissima
450 4053 518 4096 sunt.
558 4059 591 4094 cx
615 4041 676 4094 aliis
701 4044 893 4110 enimsemper
913 4045 940 4094 in
969 4043 1021 4095 alia
1039 4043 1158 4095 inaudita

32 4116 36 4122 '
78 4110 185 4169 incidens
203 4119 331 4170 contiuuo
348 4123 375 4166 te
394 4131 467 4168 reum
496 4122 606 4182 apertae
626 4122 652 4165 et
670 4115 751 4182 plane
778 4117 939 4183 conspicuae
955 4115 1069 4166 iniuriae
1088 4115 1157 4182 agis.

79 4188 164 4240 etenim
182 4191 226 4257 qui
246 4203 295 4241 suo
315 4187 437 4255 periculo
465 4194 577 4239 conatur
604 4186 731 4239 arbitratu
764 4200 812 4239 suo
842 4187 965 4255 dogmata
991 4187 1103 4254 lingere,
1125 4195 1156 4234 eo

78 4257 116 4324 qui
131 4259 271 4326 prohibero
302 4275 360 4311 eum
386 4267 475 4326 potest
499 4257 655 4326 indulgente
683 4257 761 4310 simul
791 4267 818 4309 et
834 4259 971 4322 incitante,
999 4273 1054 4310 non
1074 4255 1159 4325 possit

157 4359 316 4428 Niceptorus
337 4358 445 4425 ὒτιηοκ.
475 4355 526 4407 Vol.
549 4356 604 4409 111.
846 4359 851 4371 “
930 4355 963 4410 21.
