2952 4902
188 369 413 442 aimonius
435 370 697 442 aminnium
714 376 824 442 xxvi.
847 357 1034 444 50-53.
1100 369 1169 444 ιιι

83 536 223 604 Βιθυνιῦν
240 533 382 620 ἡγεμόνα
400 535 592 620 βαρβάρων·
645 534 715 604 ἐκεῖ
741 537 803 622 γὰρ
825 537 899 622 ἡμῖν
923 533 940 601 ό
962 539 1017 622 τῆς
1040 537 1172 624 donysi-

83 659 149 712 σειις
168 639 289 720 εἰιιίννρς
312 634 421 721 aiente
441 640 697 704 καταλέλειπται.
740 636 780 703 τό
801 637 863 722 yolo
888 637 966 704 ιιαιό
990 642 1055 706 νῦν
1072 643 1172 723 πρόσ-

81 744 148 820 deon
170 738 422 819 ξομπεπταιιότα
445 740 548 804 αῦταῦ
572 744 742 830 πυθομένῳ
771 741 879 830 ίιιιίνρ
903 735 1003 825 ἥκιστ’
1023 745 1172 825 ιίιιαχρῆ-

80 863 121 904 ναι
140 837 225 916 όόοξι
245 842 351 923 ’μέχρι
371 843 433 926 ,τῆς
455 841 586 925 α’πειλῆς
616 834 756 924 ἓστὴξειν
780 841 818 906 τό
843 848 898 925 τῆς
920 841 1062 926 α’ριόνιρς,
1086 841 1167 908 diti

61 938 267 1022 daunenstade
295 943 355 1023 μὲν
377 938 565 1023 προύπεμπε
594 940 649 1016 τός
670 939 802 1018 α’πειλός
833 941 889 1008 ιισί
908 947 997 1024 μάλα
1018 943 1169 1023 ότόπους,

78 1042 334 1126 βαρβαρικότερα
355 1044 390 1108 di
420 1039 473 1106 καί
492 1040 580 1120 μόλα
607 1039 791 1127 ότοπιόιερα
810 1053 881 1120 ταῖς
902 1047 1047 1120 ἀπειλαῖς
1070 1067 1171 1126 προσ-

78 1145 163 1206 ετίθει
190 1141 229 1206 τό
260 1138 447 1227 πρόρματα.
489 1143 544 1206 ταί
563 1145 621 1224 μὲν
644 1142 682 1226 δὴ
706 1146 768 1208 τοῦν
789 1147 848 1225 μῦν
869 1142 966 1212 vidus
990 1167 1169 1227 προστετα-

78 1240 132 1323 χός
149 1241 202 1307 τόν
224 1247 353 1328 προῦτον
375 1245 415 1307 δι’
435 1238 661 1326 Ἑλλησπόντου
683 1244 761 1310 ιιιιτό
786 1251 848 1310 τιῦν
868 1247 923 1310 tut
944 1245 1072 1334 Θρᾴκης
1087 1244 1169 1310 Ῥια-

78 1347 184 1423 μιίιοόν
205 1346 429 1427 περαιοῦσθαι
450 1347 598 1428 χοορίαιν,
623 1344 721 1420 αῦτός
743 1343 777 1410 ἐκ
799 1350 861 1411 τῶν
884 1344 1089 1429 ῦψνρλοιίροσν
1112 1350 1169 1430 τῆς

49 1447 222 1522 ΙΟΒιθυνίας
257 1441 383 1510 πόλεων
404 1445 523 1534 κατῄει,
551 1446 668 1530 πολλήν
690 1447 883 1528 ἑπαγόμενος
913 1447 1029 1530 λόγχην
1051 1447 1105 1512 εἰιί
1126 1443 1167 1515 τό

76 1549 119 1629 τῆς
138 1548 362 1632 Χαλκηδονίαις
384 1543 547 1631 ίππήλατα
570 1549 643 1632 Ἠγῆς,
666 1547 753 1629 παρό
784 1544 837 1612 τόν
861 1545 1007 1629 αἰγιαλόν
1028 1543 1087 1634 όπῃ
1110 1573 1170 1629 τη-

76 1649 195 1712 νικαῦτα
214 1649 272 1712 ναί
294 1645 350 1713 τόν
369 1650 399 1714 Γ
397 1648 588 1714 εννοοιτικόν
609 1653 794 1730 συνέβαινεν
815 1651 970 1714 ἵστασθαι
992 1646 1102 1714 στόλον
1125 1651 1168 1712 δι’

77 1742 121 1823 σός
139 1745 288 1834 όφθρμεν
307 1748 444 1834 τρόπους
464 1750 615 1824 ιίπόντες.
638 1747 783 1816 ιιόιιιῖθεν
804 1750 846 1826 οἷς
872 1745 935 1816 α’πό
953 1752 1072 1836 δίφρου
1094 1752 1171 1816 δεσ-

78 1853 191 1914 ποτιιαῦ
223 1852 300 1928 τοῦς
329 1874 361 1915 τε
394 1854 541 1935 πρέσβεις
564 1850 644 1931 μετό
675 1853 739 1916 τιόν
760 1847 935 1937 χρημάτων
955 1851 1091 1939 α’πῄτει,
1114 1855 1169 1918 καί

49 1950 195 2026 λοόπειλός
224 1957 292 2018 τιῦν
328 1955 490 2036 προτέραν
520 1954 650 2034 μείζους
676 1956 781 2041 πολλῷ
816 1955 1023 2035 προσετίθει,
1054 1953 1167 2018 asisino

78 2037 151 2130 μόλα
171 2053 250 2118 anto}
276 2057 333 2137 τῆς
348 2053 534 2132 Βυζαντίων
553 2053 674 2130 πόλεως
696 2054 969 2138 διαπεραιοῦσθαι
990 2052 1170 2134 ῦπιοχναό-

77 2173 174 2232 μενος,
197 2157 229 2219 εί
259 2151 308 2238 μό
331 2150 435 2237 λα’βοί
457 2152 539 2234 μετὰ
569 2156 654 2220 πόνυ
675 2157 802 2237 μανραῦ
827 2156 883 2219 τοῦ
915 2149 1169 2235 ῦπτρβόλλοντος

78 2245 194 2320 ἅπαντα.
211 2254 293 2330 τοῦς
312 2258 372 2336 μὲν
391 2253 429 2339 dij
454 2248 512 2320 σόν
536 2256 655 2335 ζῶντας
674 2258 737 2320 τόν
755 2257 927 2338 πρέσβειον,
948 2254 1003 2320 καί
1025 2248 1083 2318 ὅσα
1105 2257 1168 2319 τῦν

77 2352 235 2436 χρημάτων
271 2355 512 2439 όνιριυνοόμενα
549 2359 727 2438 ξυνελόγετσ
758 2353 838 2438 πρός
866 2357 929 2420 τοῖν
958 2355 1167 2435 διανειμαμέ-

49 2459 137 2535 tovos,
266 2453 282 2520 ό
304 2455 469 2539 βάρβαρος
492 2452 544 2522 det
563 2454 602 2522 τό
627 2455 771 2524 λείποντα
793 2458 942 2542 σφοδρός
963 2479 995 2522 τε
1020 2461 1076 2521 καί
1096 2456 1167 2522 λίαν

80 2553 282 2643 όπεριρρτνιός
303 2561 328 2598 “
357 2561 491 2624 ἐνέκειτο
514 2561 679 2639 α’πσιτοῦν,
699 2559 754 2624 καί
773 2562 829 2624 αἐί
847 2557 1018 2641 λαμβάνων
1041 2560 1095 2624 αἐί
1113 2561 1197 2641 Cap-i.
1214 2569 1301 2628 inat.

80 2657 130 2722 τόν
150 2652 195 2742 ἢν,
216 2658 257 2725 τό
283 2663 391 2744 ψευδῆ
411 2665 594 2744 προστιθείς
617 2665 673 2726 καί
694 2659 979 2746 προφασιζόμενος.
1023 2663 1110 2736 τέλος
1132 2661 1233 2727 din

79 2759 216 2841 οτρστιόν
237 2759 352 2846 ἑτέραν
371 2764 435 2828 vais
456 2758 553 2827 υἱέων
576 2760 629 2827 τόν
651 2760 799 2842 διότερσν
821 2763 978 2846 εἰληφότα
1000 2763 1179 2844 όιαπεραι-Ι

82 2859 182 2924 οῦσθαι
204 2865 394 2947 προσέταττε
414 2861 466 2927 τόν
487 2863 544 2925 τοῦ
567 2859 697 2928 Πόντου
720 2862 840 2942 αῦχένα
863 2859 916 2924 tat
940 2864 971 2926 Γ
970 2863 1169 2926 εννοοιτικιῦν

140 3015 172 3068 20
190 3051 198 3068 .
219 3053 226 3068 .
250 3053 258 3067 .
279 3019 300 3086 .]
324 3012 541 3090 annuntiaturos?

82 3174 155 3214 norun
172 3165 338 3233 prinoipem
363 3165 390 3216 in
411 3177 444 3215 eo
467 3164 535 3216 enim
555 3170 664 3215 nostrae
689 3161 849 3214 narrationis
875 3161 939 3213 ordo
960 3160 1085 3214 substitit.
1123 3161 1169 3230 qui

84 3245 148 3298 quum
173 3239 368 3307 cognovisset,
392 3235 454 3304 qnid
479 3236 561 3304 iegati
585 3236 656 3302 passi
686 3241 785 3297 essent,
813 3233 1014 3302 haudquaquam
1041 3232 1170 3284 ultionem

84 3304 146 3356 ainis
173 3316 274 3361 tantum
305 3315 457 3360 contentam
484 3323 543 3358 esse
567 3304 666 3358 dehere
693 3305 834 3356 arbitratus
861 3319 915 3358 non
940 3304 1025 3358 solnm
1047 3311 1171 3372 satrapae

84 3373 125 3426 ritu
142 3380 221 3433 minan
249 3379 389 3432 admodum
419 3377 568 3430 insolentes
593 3377 719 3440 iactavit,
750 3391 843 3428 venum
868 3378 947 3428 etiam
974 3377 1045 3428 iacta
1072 3376 1171 3427 adiecit

85 3444 221 3504 immaniora
242 3459 271 3503 et
287 3449 473 3503 insolentiora.
511 3448 567 3502 tilio
591 3449 660 3500 enirn
672 3449 784 3501 maximo
803 3457 867 3500 natu
886 3449 1037 3515 imperavit,
1055 3453 1085 3497 ut
1102 3446 1170 3498 iiei.

85 3514 189 3584 luponio
224 3521 340 3576 traiecto
370 3521 402 3574 ad
432 3520 507 3574 iocos
538 3521 670 3572 Romanos
704 3521 731 3570 in
764 3519 876 3572 Thracia
904 3521 969 3572 sitos
999 3517 1169 3586 appellarem

85 3587 132 3654 ipse
147 3602 232 3646 autem
253 3609 287 3646 ex
304 3593 489 3660 superioribus
503 3592 646 3658 Bithyniae
666 3589 775 3642 urbibus
798 3606 895 3659 magno
915 3607 974 3642 enm
997 3591 1118 3642 exercitu
1139 3593 1167 3642 in

86 3659 151 3724 piam
167 3665 227 3719 ioca
236 3665 436 3721 chalcedoniae
455 3665 594 3716 deseendit
611 3663 847 3727 seeundumoram,
866 3662 911 3714 ubi
929 3669 983 3714 tun
994 3663 1073 3713 etiam
1093 3661 1166 3713 cias.

86 3731 116 3782 sis
131 3734 305 3791 Gennensinm
328 3737 472 3788 eonstitnta
491 3743 593 3787 enatet
613 3735 700 3786 nausis
721 3749 800 3801 snpra
820 3734 958 3808 expositis.
995 3733 1057 3784 inda
1083 3732 1171 3785 veluti

88 3817 114 3854 ea
129 3807 192 3860 soiio
213 3810 356 3876 tyrannico
376 3807 481 3876 legatos
499 3821 557 3858 oum
583 3806 678 3875 opibus
706 3806 826 3872 reposcit
843 3808 981 3874 minasque
1001 3805 1072 3856 addit
1091 3807 1168 3871 prio.

87 3873 146 3928 ribus
169 3881 249 3934 mnito
269 3880 497 3943 vehementiores,
516 3894 546 3930 se
565 3879 689 3930 nimirum
710 3878 831 3944 protinus
849 3878 882 3929 sd
902 3877 994 3928 urbem
1018 3875 1168 3942 Byzantio.

87 3959 132 3998 mu
156 3954 326 4005 traiecturum
361 3965 436 4016 esse,
464 3952 517 4002 nisi
545 3951 633 4002 omnin
658 3961 754 4016 magno
779 3948 885 4000 cumulo
912 3954 990 4002 aneta
1013 3945 1166 4000 reddantur.

89 4031 224 4092 quamquam
243 4039 310 4076 nero
332 4022 446 4090 legatos,
466 4023 512 4090 qni
532 4023 637 4089 quidem
655 4019 741 4072 adhuc
763 4021 790 4070 in
810 4021 880 4072 vivis
906 4026 996 4071 essent
1014 4025 1094 4086 atque
1113 4033 1168 4082 res,

89 4103 143 4154 quae
159 4095 190 4146 ab
208 4097 252 4160 iis,
272 4096 318 4163 qui
339 4109 383 4146 eas
412 4096 482 4147 inter
509 4109 538 4146 se
564 4094 728 4154 diviserant,
749 4091 895 4160 requisitae
923 4089 1018 4157 colligi
1047 4097 1165 4156 possem,

88 4167 176 4232 recepit
192 4167 331 4230 maianus,
352 4165 586 4218 vehementissime
605 4173 692 4216 tamen
711 4178 743 4214 no
764 4163 972 4229 superbissima,
1000 4175 1068 4230 quae
1098 4161 1166 4212 dee..

90 4241 145 4300 nat,
161 4253 243 4310 usqne
263 4237 405 4306 repetebat
425 4246 461 4303 et,
482 4251 535 4307 qno
556 4236 616 4305 pius
631 4235 745 4302 aceepit,
768 4248 800 4285 eo
820 4233 880 4302 pius
898 4231 1037 4302 poscebat,
1056 4231 1167 4282 menda-

91 4303 130 4359 tiit
147 4309 240 4366 additis
261 4318 342 4380 atque
361 4311 515 4377 praetextis.
553 4308 585 4362 nd
607 4311 752 4366 extremum
777 4303 859 4360 tilium
880 4302 1027 4358 secundnm
1046 4315 1105 4358 enm
1126 4299 1168 4352 ai·
