2926 4906
279 340 354 425 658
579 359 801 428 nicensem
832 361 1059 427 suenonis

278 525 340 586 τῶν
368 521 470 608 λόγων
502 524 558 590 κατ’
578 523 633 608 τήν
661 523 779 610 πολλήν
812 524 995 612 φλυαριάν,
1029 518 1076 604 οἷς
1105 522 1224 612 σχολήν
1251 521 1366 591 ἔπεισιν

279 618 386 708 οἴγειν,
419 625 619 690 ἐπιτάττουσι
647 634 860 714 παραχωρεῖν,
879 650 913 690 τε
936 629 992 694 καὶ
1024 629 1248 693 ἀποτίθεσθαι.
1290 621 1368 691 εἶναι
1428 627 1430 634 ’

277 720 339 809 χ’άρ
368 751 448 812 φησι
478 727 513 791 τό
539 730 645 792 κινοῦν
676 723 810 808 άσχετόν
839 751 908 794 τινα
943 730 1123 814 θερμότητα
1149 729 1255 813 χωρίς
1277 729 1367 814 λόγου

278 824 333 889 καὶ
353 826 527 912 ἐπιστήμης
547 828 602 893 καὶ
622 828 765 906 πίστεως
777 827 876 893 πλοῦν
896 828 1124 914 ἀκυβέρνητον·
1176 826 1210 894 vd
1234 827 1296 914 γάρ
1317 831 1368 911 τῆς
1444 891 1450 900 ,

279 921 452 1009 ἐπιστήμης
475 926 630 1010 πηδάλιον
647 926 759 1011 ήκιστα
784 928 870 1010 ἔχειν
894 928 1000 1007 αὐτοῖς
1027 926 1300 1014 προσγεχέννηται.
1373 927 1388 980 5

209 1019 265 1076 ⁸3
374 1025 463 1109 Ἐμοὶ
483 1028 518 1092 δὲ
541 1028 658 1108 σκοπός
676 1052 709 1092 τε
729 1031 784 1095 καὶ
813 1031 966 1116 πρόθεσις
991 1025 1032 1115 ήν
1051 1033 1106 1113 τῆς
1126 1032 1247 1112 ψυχῆς,
1274 1031 1314 1092 δι’
1333 1025 1369 1111 ἣν

261 1125 453 1211 ,εἰρήκειμεν
475 1129 508 1206 ἐξ
531 1127 636 1214 άρχής
666 1131 790 1207 αἰτίαν,
821 1131 989 1214 πρόμαχον
1020 1128 1254 1215 παρασχέσθαι
1272 1129 1369 1212 ytur-

275 1249 348 1304 ταν,
370 1224 446 1293 όσον
474 1230 600 1314 ἐφικτόν
607 1278 625 1307 ,,
641 1231 747 1316 ἐκείνῳ
781 1235 827 1318 τῷ
849 1236 943 1319 σοφῷ
967 1229 1124 1316 Θεοδάρηι
1156 1229 1211 1293 καί
1230 1229 1370 1313 μάρτυρι

275 1329 331 1410 τῆς
365 1326 537 1411 α’ληθέε’οῑς,
573 1333 759 1416 περιφανῶς
793 1331 1078 1418 συκοφαντουμένῳ
1111 1329 1168 1393 νόν
1200 1353 1282 1414 προς
1311 1328 1370 1390 τάν

274 1431 492 1515 Παλαμιτῶνή
513 1429 666 1516 καθάπερ
694 1430 773 1516 πρός
798 1435 861 1496 τῶν
891 1433 1106 1512 εἰκονομάχων
1126 1430 1217 1507 τότε,
1253 1422 1300 1506 οἷς
1319 1428 1399 1493 καίλθ

268 1529 373 1613 ’μέχρι
393 1529 534 1594 θανάτου
555 1527 611 1613 τήν
634 1531 753 1596 οἰκείαν
774 1534 890 1609 ἐκεῖνος
923 1530 1110 1615 ἀπέστησεν
1138 1529 1305 1606 ἔνστασιν,
1336 1527 1366 1591 τό

273 1630 332 1712 μὲν
354 1632 447 1712 σῶμα
472 1631 635 1708 παντοίαις
656 1629 739 1717 inin
755 1633 899 1718 Χριστοῦ
917 1629 1054 1717 προδοδς
1067 1632 1246 1708 κολάσεσιν,
1267 1632 1323 1714 τήν
1338 1631 1367 1694 δὲ

277 1729 458 1815 φιλόσοφον
478 1731 598 1816 ἐκείνην
617 1732 673 1796 καί
679 1732 836 1856 ἔντεχνρν
856 1735 997 1856 ηλιότταν
1015 1731 1095 1797 κατὰ
1119 1733 1180 1796 τῶν
1204 1730 1367 1796 ἀντιθέτων

276 1826 412 1906 όπλόσας
434 1831 615 1915 δογμάτων·
662 1825 708 1910 οἷς
716 1830 815 1930 κάγόι
835 1832 988 1918 τήμερον,
1009 1839 1073 1910 τοῖς
1092 1834 1155 1896 τεόν
1179 1833 1300 1897 ἐκείνου
1322 1829 1366 1894 λό-

274 1951 341 2012 μων
362 1925 471 2007 ὅπλοις
491 1933 681 2018 θαρρήσας,
702 1917 904 2017 άνθόσταμαό
920 1957 955 1998 τε
981 1957 1035 1999 και
1030 1933 1305 2016 άντιστήσομαι,
1322 1931 1393 1995 καίλλ

274 2027 346 2107 τούς
364 2027 445 2116 όπὲρ
479 2030 635 2116 οἶληθεόας
662 2034 876 2154 άνακαιηόζειν
908 2029 1038 2110 ἄθλους
1063 2034 1182 2099 ἐκεινου
1217 2031 1253 2098 τό
1275 2053 1364 2115 χες
1332 2033 1364 2106 εἷς

239 2123 372 2213 ἐμὲ
350 2155 425 2216 ηκον
449 2130 485 2194 οὖ
506 2134 687 2258 κατοκνήσω
711 2133 792 2198 κατά
807 2138 869 2199 τῶν
886 2133 941 2219 τήν
955 2135 1115 2220 αἵρεσιν
1100 2135 1219 2218 εκείνην
1241 2134 1361 2198 άνακαι

208 2230 264 2282 ⁸⁰
273 2232 370 2310 νίζειν
391 2231 577 2356 τολμιόντων
604 2235 749 2356 τήμερον,
778 2233 860 2297 ἀλλὰ
888 2233 969 2298 κατὰ
997 2234 1069 2311 τοὺς
1092 2233 1366 2318 προμηθεστέρους

224 2360 227 2378 ·
273 2352 335 2394 των
357 2355 477 2416 ιατρων
497 2332 552 2396 καί
574 2332 668 2410 αότὸς
690 2333 835 2414 κολάζειν
857 2335 912 2398 καὶ
936 2333 1152 2410 ἀναπάλλειν,
1171 2330 1226 2396 τόν
1249 2333 1367 2418 ἐφικτόν
1461 2369 1462 2382 1

272 2452 308 2514 ys
330 2432 456 2516 τρόπον,
480 2433 677 2517 πειράσομαι
700 2437 755 2518 τῆς
777 2437 839 2498 τῶν
861 2433 1035 2500 ἀντιθέτων
1054 2435 1179 2519 γνώμης
1201 2457 1255 2497 και
1251 2431 1401 2516 matr-m

271 2553 327 2613 της
340 2528 374 2594 τό
392 2531 520 2616 άσελμὲς
540 2533 596 2598 καὶ
615 2533 829 2618 ἀστάθμητον,
850 2535 998 2619 καθάπερ
1019 2536 1132 2598 ἐκεῖνον
1151 2535 1208 2616 τῆς
1228 2535 1290 2595 τοῖν
1307 2555 1365 2594 σω-

142 2619 262 2680 ΗΜ·
271 2630 382 2712 μάτων
402 2629 525 2709 εὐεξιάς
544 2631 617 2709 τοὺς
644 2634 851 2720 παρανόμους
884 2634 1054 2717 <inausum
1078 2635 1277 2718 ἐγχειροῦσιν
1299 2630 1359 2717 666-

272 2731 382 2809 σθους,
402 2731 464 2809 ἓως
493 2730 567 2817 ήτε
588 2735 714 2819 γλῶττα
735 2733 875 2820 ἔρρωται
896 2733 955 2801 σόν
974 2758 1011 2820 γε
1033 2736 1102 2821 θεῷ
1133 2733 1191 2798 καὶ
1212 2731 1268 2816 τήν
1285 2727 1363 2815 siqu
1460 2763 1461 2810 3

271 2987 462 3085 loquacitatem
490 3018 524 3072 iis
548 3019 595 3104 qni
614 3019 728 3074 studium
757 3021 786 3072 in
806 3019 845 3074 eis
862 3018 1049 3072 ooiioonndmu
1072 3024 1168 3086 putent
1186 3015 1329 3073 concedam
1346 3021 1369 3066 st

271 3088 440 3141 committam.
465 3103 520 3142 non
539 3092 608 3142 enim
626 3091 732 3150 inoitori
758 3105 840 3158 posse
867 3091 932 3142 dicit
951 3091 1032 3142 animi
1056 3097 1156 3142 motum
1176 3088 1234 3140 sine
1254 3087 1370 3140 oratione

271 3173 322 3210 neo
341 3160 481 3212 scientium
501 3175 533 3212 ιι
551 3161 629 3216 iidem
648 3162 802 3230 gubernari.
838 3176 893 3213 non
916 3163 984 3214 enim
1004 3176 1096 3214 eorum
1111 3167 1153 3212 est
1170 3159 1303 3212 soientioe
1322 3173 1371 3228 gn-

269 3229 415 3284 beruncuin
436 3238 538 3284 tenero.

342 3317 470 3371 Consulto
486 3326 576 3370 nutem
594 3326 673 3387 ntqne
695 3336 728 3371 ex
745 3321 884 3387 proposito
904 3318 1016 3388 qnndnm
1035 3318 1068 3371 nb
1087 3319 1166 3369 initio
1185 3318 1301 3370 diximus
1319 3318 1372 3369 dis.

270 3389 379 3442 serendi
399 3396 482 3440 netem
501 3397 625 3456 quentmn
651 3391 710 3442 fleri
734 3398 841 3458 potensi
865 3391 991 3442 tribuisse
1018 3388 1136 3457 lingnam
1160 3387 1303 3440 Theodoro
1330 3403 1372 3441 τι.

272 3460 357 3527 pienti
377 3458 429 3522 iili,
448 3467 559 3526 propter
579 3461 701 3512 veritatis
725 3463 906 3513 testimonium
931 3461 1028 3514 iniurin
1052 3467 1177 3512 nonussto
1197 3473 1269 3510 nuno
1288 3475 1312 3510 n·
1323 3459 1372 3512 Pe.

271 3529 381 3592 inmitis,
402 3537 432 3580 ut
451 3531 581 3614 qnondam
600 3532 632 3582 nh
652 3532 845 3596 iconomachis,
864 3531 960 3599 quibus
973 3532 1005 3582 nd
1020 3539 1129 3583 mortem
1147 3524 1231 3598 insani
1252 3530 1309 3581 snis
1327 3530 1372 3582 ilie

273 3599 376 3652 viribus
394 3601 502 3652 restitit.
540 3609 568 3653 et
585 3615 698 3669 corpore
717 3604 800 3654 soniis
827 3610 937 3670 propter
958 3602 1092 3660 Christum
1110 3600 1251 3667 suppliciis
1278 3603 1371 3653 trudito
1459 3593 1460 3650 i

272 3672 504 3739 prudentissimam
519 3680 546 3724 et
562 3672 741 3724 doctissimum
763 3674 881 3740 lingnam
901 3675 928 3726 in
947 3674 1077 3741 dogmatis
1096 3673 1167 3724 intes·
1184 3686 1246 3722 sese
1259 3672 1391 3725 diversis
1459 3719 1460 3726 ,

273 3743 403 3793 exercuit.
440 3742 535 3811 quibus
555 3744 676 3811 equidem
695 3745 736 3796 his
753 3744 827 3796 iiiins
846 3745 1068 3812 disputationibus
1087 3742 1369 3794 ssmntnsiontinnimo
1459 3743 1460 3759 ¹

272 3825 393 3879 repugno
424 3814 634 3884 repugnansque
660 3829 711 3866 neo
735 3823 845 3883 propter
865 3818 1005 3867 venitatem
1031 3814 1106 3865 iiiios
1131 3814 1276 3864 certamine
1304 3812 1370 3882 qnod

271 3899 314 3934 me
332 3884 428 3934 attinet
444 3885 628 3952 redintegrato
647 3886 789 3949 dubitabo,
806 3887 852 3937 ubi
872 3887 996 3938 haeresin
1017 3885 1090 3935 iiinm
1117 3884 1305 3950 redintegrare
1323 3900 1369 3935 nn.

271 3955 361 4017 donni,
382 3955 428 4005 sed
446 3956 479 4006 nd
497 3957 695 4022 prudentiorum
717 3957 881 4009 medicorum
893 3955 1256 4008 consuetudinemretnrdsre
1271 3962 1299 4006 et
1317 3955 1369 4006 toi·

271 4025 332 4078 iere
351 4032 475 4093 qunntum
495 4033 588 4093 potero
608 4041 702 4093 segem
728 4037 755 4079 et
776 4029 903 4079 incestum
929 4028 1142 4078 adversariorum
1167 4026 1322 4091 opinionem
1346 4031 1369 4074 et

271 4095 391 4164 linguon
411 4096 535 4147 connbor.
574 4099 790 4163 quemadmodum
811 4097 853 4149 iiii
873 4112 1012 4166 corporum
1033 4094 1213 4148 valetudinem
1233 4096 1267 4146 nb
1283 4095 1368 4147 noxiis

272 4166 482 4219 discriminibus
487 4168 632 4219 detondere
652 4170 772 4234 student,
797 4169 834 4220 itn
859 4184 910 4237 ego
936 4169 1024 4219 denso
1047 4167 1140 4235 lingua
1165 4181 1225 4216 mee
1244 4181 1304 4218 eum
1322 4166 1367 4218 deo

271 4237 378 4306 itlehit
396 4244 424 4290 ot
435 4237 614 4293 mtiooiuendi
631 4245 689 4292 nus
707 4239 813 4307 poliere
825 4241 891 4294 mihi
909 4255 957 4310 per
977 4245 1090 4292 sctntem
1104 4235 1228 4303 videbor,
1245 4253 1281 4292 ue
1293 4239 1366 4292 vivus
