2992 4918
260 328 482 401 armoaun
509 301 874 405 auzluur'usnxxv.
891 321 959 405 30.
978 321 1047 407 ot.
1161 332 1208 408 57

1294 447 1306 476 λ

127 497 344 581 τεκμαίρεσθαι
366 500 398 562 δ’
417 491 473 564 οδν
494 499 549 564 κατ’
570 500 646 583 ἡμῖν
668 493 754 579 όπως
783 506 857 568 ποτὲ
881 501 921 568 τοὶ
943 502 1094 587 γινόμενοι
1115 507 1211 586 didm·

126 620 170 659 σιν
189 595 230 670 σός
253 601 390 676 πλοῦτος
412 603 465 665 κοί
483 600 558 680 δόξα
583 602 639 667 καί
666 603 841 684 αι’τόνομος
862 605 989 683 ι’ξουσίοι
1017 609 1211 693 σαφέστερον

126 693 285 782 α’νθραόπου
317 701 452 784 δηλοῦσι
483 703 610 787 γνοόμην
643 705 698 768 καί
715 704 815 788 φύσιν
844 697 864 789 ἢ
888 710 980 770 πενία
1003 705 1057 770 καί
1076 705 1212 786 dustod-

124 821 183 875 στος
202 801 320 866 δίαιτα.
347 804 453 891 δεσμῷ
475 803 537 888 γόρ
553 805 691 882 ἀ’δοξίαν
714 804 863 870 όκοόσιον
886 809 1043 890 ἐοικέναι,
1065 807 1109 893 μὴ
1133 805 1211 874 κοτδ

104 892 238 985 δηνὶόμην
264 899 361 968 εὀόντι
393 910 560 972 κινεῖσθαι.
618 905 667 971 διό
699 907 753 972 καί
775 907 944 972 λανθάνειν
974 910 1017 985 οἷς
1038 908 1077 974 τό
1111 905 1210 974 πολλοὶ

123 999 161 1082 μη
182 1001 249 1078 τοός
267 1001 383 1088 πόρρω
399 1010 521 1092 πέφυκε
536 1008 645 1089 μόνον,
670 1001 717 1072 ότι
733 1007 777 1093 μη
800 1008 854 1073 καί
876 1001 923 1085 οἷς
944 1009 1043 1076 πολιόν
1065 1035 1136 1076 τινα
1152 1035 1212 1075 συ-

123 1109 210 1166 νεῖναι
230 1107 340 1187 γέγονε
362 1108 503 1191 χρόνον,
525 1107 563 1173 τό
590 1101 654 1194 ἤθη
676 1113 737 1190 τοόν
758 1112 912 1176 πλείστων
933 1107 1039 1197 οόσπερ
1060 1108 1213 1197 χρώμασι

122 1211 177 1278 τοῖς
197 1201 318 1284 ἔξωθεν
343 1210 575 1293 ἐπιτηδεύμασι
601 1207 635 1276 τό
666 1217 723 1296 τῆς
754 1211 878 1297 γνοόμης
904 1211 1065 1293 βόπτοντσ
1086 1209 1215 1296 πρόσω-

122 1327 179 1369 πον.
221 1307 264 1380 ὥς
287 1312 442 1376 ἐντεῦθεν
463 1314 580 1391 ε’ξεῖκαι
602 1310 822 1395 διδάσκεσθαι,
848 1305 894 1387 οἷς
916 1312 1089 1400 συνρόκιοεν
1110 1313 1129 1398 ἦ
1148 1311 1214 1399 φό-

91 1413 164 1480 δδσις
184 1405 335 1496 σόνεσιν,
364 1415 486 1497 μηδένα
507 1417 696 1500 μακαρίζειν
718 1415 793 1498 πρίν
820 1407 858 1478 δν
886 1416 931 1490 εἰς
952 1418 1038 1489 τέλος
1059 1412 1212 1500 α’φίκηται

122 1507 169 1571 καί
184 1513 269 1586 τέλος
294 1513 410 1603 κάμψῃ
427 1519 510 1597 βίον,
530 1518 608 1602 μηδ’
631 1509 674 1580 αὖ
696 1515 749 1582 διό
771 1515 844 1594 τούς
864 1515 939 1601 πρίν
961 1513 1156 1602 ἁμαρτάνειν
1180 1519 1214 1580 ἐν

121 1611 172 1697 βίην
191 1611 354 1696 νοσήμασι
375 1619 429 1681 καί
449 1617 620 1702 διαφόροις
639 1611 759 1684 ποίθεσι
777 1617 1004 1702 κολαζομένους
1025 1621 1216 1705 μέμφεσθαι

122 1713 156 1795 τῇ
174 1710 318 1804 προνοίην.
365 1709 431 1781 οἶδε
454 1717 514 1804 γόρ
540 1717 678 1784 όπόντα
703 1718 782 1802 πρός
805 1718 839 1782 τό
868 1723 994 1800 βέλτιον
1014 1719 1214 1800 μετασκευό.

125 1810 177 1887 ζαν
206 1812 283 1890 θεός
316 1814 352 1881 τό
384 1817 529 1904 καθάπερ
567 1823 600 1886 ἒν
635 1821 751 1910 σαοδιρῖ
777 1824 816 1909 τῇ
847 1818 955 1908 γνιόμη
986 1821 1127 1900 κείμενον
1143 1821 1212 1899 ’πόρ
1297 1886 1300 1893 ,

90 1911 143 1970 ¹5“
162 1914 212 1996 τῆς
233 1919 432 2000 φιλοδοξίας,
454 1919 506 1994 οἷς
518 1919 575 1986 ε’όν
588 1920 745 2006 δρόξηταί
761 1944 845 1998 τινος
866 1917 977 2007 ρὀόμης
994 1919 1140 2003 κινούσης
1161 1913 1213 1986 οἷον
1226 1933 1245 1988 l.
1258 1931 1307 1986 108
1316 1929 1344 1987 b.

123 2017 216 2100 πνοῆς,
241 2017 365 2104 πολλήν
393 2020 546 2104 α’νεγείρει
581 2023 685 2109 φλόγα
708 2026 827 2098 κακτάς.
857 2025 899 2086 ου’
918 2023 1004 2103 μέντ’
1025 2014 1065 2085 όν
1086 2015 1143 2085 oda
1164 2019 1213 2105 εἴη

123 2116 175 2178 τόν
195 2116 385 2202 οἷπεικότων,
406 2123 437 2186 εἰ
454 2123 604 2190 ’ἁπάντων
616 2124 766 2205 καθάπαξ
787 2127 887 2192 εἰπεῖν
907 2123 984 2189 κόπτ’
1003 2124 1081 2210 τῷδε
1102 2120 1216 2205 τόνδρδ

123 2225 338 2306 πλανηθέντων
364 2228 604 2312 ,πεπλονὴμεθα
634 2220 689 2292 καί
718 2227 828 2310 ἡμεῖς,
857 2229 915 2292 τοῦ
937 2225 1017 2309 πρός
1042 2228 1153 2287 κακίαν
1176 2221 1215 2285 ον’

123 2319 204 2398 μάλα
233 2317 368 2407 ἑτοίμου
395 2329 531 2415 μηδαμῇ
558 2325 638 2412 πρός
669 2328 822 2392 ὑπόνοιαν
851 2327 993 2411 εόχεραῖς
1014 2324 1213 2406 κινουμένου.

92 2421 309 2502 ἳθθαυμαστόν
345 2430 375 2491 δ’
407 2423 447 2492 δν
480 2428 583 2514 δήπου
613 2432 734 2512 μᾶλλον
762 2427 810 2513 εἴη
833 2431 899 2504 πυός
931 2429 1080 2493 τοσοῦτον
1101 2423 1217 2511 χρόνον

124 2518 245 2607 α’ντέοχε
267 2528 378 2604 νόθοις
398 2532 457 2610 μὲν
472 2527 633 2612 δουλεόων
653 2524 756 2615 ἤθεσι,
779 2528 816 2594 τό
840 2530 869 2593 δ’
883 2531 982 2594 οἰκεία
998 2525 1215 2613 συγκρόπτοον,

126 2625 250 2710 πρᾶγμα
270 2631 526 2715 δυσμαχώτατον
546 2628 601 2697 καί
625 2629 751 2718 σφόδρα
772 2635 808 2714 μό
828 2653 858 2698 τι
880 2633 1144 2716 δυσκαρτέρητον.
1188 2627 1218 2730 εἰ

128 2887 206 2936 autem
224 2887 333 2939 arcanis
354 2885 508 2955 quibusdam
526 2887 715 2941 Providentiae
735 2884 882 2942 rationibus
893 2891 1030 2954 reguntur.
1067 2896 1218 2968 aerumna.

128 2951 163 3005 bis
177 2971 216 3022 ea,
234 2973 307 3027 quaa
324 2974 396 3010 nuuc
416 2967 554 3028 geruntur,
574 2961 685 3028 quodam
695 2959 772 3011 modo
783 2958 941 3010 documento
954 2971 1015 3009 esse
1033 2961 1153 3022 possunt,
1175 2956 1218 3006 dr.

130 3026 199 3079 vitias
225 3031 398 3100 gloriamque
425 3047 455 3082 ao
482 3031 594 3084 libcram
618 3039 777 3100 potestatem
798 3028 941 3082 dilucidius
966 3028 1080 3079 hominia
1106 3024 1219 3077 consilia

130 3104 200 3166 alque
217 3101 337 3155 indolem
356 3101 502 3168 declarare,
513 3119 590 3172 quam
609 3097 755 3172 egestatem
764 3103 899 3170 vitamque
917 3100 977 3152 aliis
995 3098 1145 3151 obnoxiam.
1168 3096 1219 3148 ob-

130 3171 229 3226 scuritas
251 3175 325 3226 enim
344 3173 461 3242 ingloria
480 3176 572 3228 invitis
590 3177 711 3226 iniuncta
727 3173 822 3228 similis
840 3172 999 3225 estviuoulo
1020 3171 1091 3240 quod
1110 3183 1220 3253 proqu-

130 3239 213 3309 iusque
230 3245 344 3297 arbitrio
363 3244 446 3297 laxari
467 3254 592 3314 nequeat.
631 3263 713 3315 quare
732 3246 890 3313 plerumque
911 3259 965 3296 non
984 3243 1070 3296 solum
1089 3249 1219 3293 remotio·

130 3311 204 3380 ribus,
223 3318 273 3370 sed
293 3318 372 3368 etiam
389 3319 432 3380 iis,
455 3320 500 3385 qui
520 3319 686 3385 longumper
704 3327 875 3384 tempuscum
895 3318 928 3369 iis
948 3315 1220 3389 versabantur,'vara

132 3384 324 3444 animiiudoles
344 3387 518 3454 plurimorum
532 3391 625 3459 ignota
643 3397 693 3454 cat,
705 3391 803 3457 quippe
823 3401 903 3456 quum
923 3388 944 3438 ii
963 3386 1056 3439 studiis
1076 3385 1139 3470 suis⁸
1151 3399 1220 3452 quaa

131 3467 231 3518 praese
254 3459 354 3523 lerunt,
374 3467 497 3528 tanquam
518 3461 654 3513 coloribus
673 3462 752 3512 animi
774 3460 869 3510 faciem
888 3459 1014 3510 imbuant.
1035 3456 1096 3508 inde
1115 3457 1219 3508 discere

130 3523 201 3594 licet,
219 3531 319 3600 quibua
336 3539 431 3583 natura
450 3533 615 3599 prudentiam
636 3533 722 3596 dedit,
742 3527 875 3582 neminem
905 3529 1012 3581 felicem
1039 3542 1098 3580 essa
1123 3527 1220 3610 dicqu-

131 3597 191 3664 dum,
209 3603 365 3671 priusquam
385 3603 417 3654 ad
435 3604 513 3655 finem
535 3605 643 3656 uenerit
662 3613 689 3655 et
707 3604 787 3655 vitam
807 3617 866 3653 cum
890 3608 975 3653 morte
995 3605 1219 3662 commutaverit,

132 3683 208 3739 neque
230 3689 297 3726 vero
317 3672 515 3727 Providentiam
533 3676 703 3727 incusandum
730 3689 811 3738 esse,
836 3674 859 3724 si
889 3674 934 3741 qui
953 3674 1052 3737 etiam,
1079 3678 1220 3738 autequam

132 3754 233 3806 peecata
251 3747 443 3810 commiserint,
462 3747 561 3798 morbis
582 3755 609 3798 et
626 3747 709 3798 variis
730 3743 924 3797 calamitatibus
944 3745 1137 3826 castigentur..
1154 3741 1220 3792 deus

133 3816 200 3880 enim,
224 3818 270 3886 qui
292 3831 384 3869 omues
402 3833 446 3869 res
466 3818 493 3868 iu
512 3817 608 3870 melius
628 3818 750 3881 traducit,
770 3818 821 3870 scit
841 3816 992 3883 cupiditatis
1012 3814 1116 3883 gloriae
1130 3827 1220 3880 iguem

132 3883 256 3940 inanimo
281 3889 357 3957 quasi
375 3889 424 3940 sub
443 3891 535 3940 cinere
553 3888 690 3953 latentem,
710 3891 755 3957 qui
774 3888 856 3940 robur
878 3887 1007 3956 quoddam
1027 3893 1139 3949 nactus,
1167 3898 1219 3952 quo

133 3961 245 4028 tanquam
267 3959 332 4011 flatu
350 3967 499 4024 moveatur,
519 3976 642 4028 magnum
664 3961 814 4012 incendium
835 3958 1011 4026 improbitatis
1040 3957 1220 4008 exsuscitatu-

132 4041 170 4082 τοι
188 4034 231 4085 sit.
249 4045 306 4082 non
327 4031 410 4098 igitur
429 4033 466 4082 ita
485 4033 579 4084 mirum
597 4040 677 4100 atque
697 4032 935 4084 inconsentaneum
955 4029 1046 4094 est‚'si
1065 4027 1150 4079 ab'eo
1169 4025 1222 4076 ho-

132 4103 203 4169 mine,
222 4103 270 4155 abs
286 4117 340 4169 quo
360 4107 570 4169 omucsprorsus
584 4102 754 4168 fallebantur,
775 4105 853 4154 etiam
871 4116 921 4154 nos
942 4101 1109 4161 fallebamur,
1133 4112 1222 4164 quum,

136 4173 173 4238 qui
192 4177 250 4243 ipse
280 4173 313 4224 ad
334 4173 529 4239 improbitatem
546 4191 600 4228 uon
620 4174 754 4226 admodum
774 4189 923 4242 propensus
942 4175 998 4239 sit,
1022 4171 1223 4253 haudquaquam

139 4241 211 4300 lacile
232 4245 265 4300 ad
285 4245 473 4311 suspicandum
492 4247 645 4302 adducatur.
664 4247 749 4317 magia
772 4255 858 4300 autem
878 4247 935 4314 quia
953 4245 1044 4297 mirari
1063 4246 1222 4312 poss1t‚q1l⁰
