2910 4896
284 329 359 404 282
533 393 538 417 ,
586 340 808 408 utcuruonr
840 341 1067 408 GREGORAE

283 495 365 566 εἶναι
386 499 520 580 ταότόν,
547 493 606 565 ιιόίν
639 500 677 564 σύ
712 505 797 582 βοῶν
830 503 1022 590 διαρραγῇς,
1054 503 1093 569 τό
1123 485 1239 585 duratio
1266 497 1370 586 μιγνός

283 604 338 666 καί
368 604 466 684 λέγειν
497 601 550 665 τόν
580 606 669 665 θεῖον
708 599 822 668 ἐκεῖνον
860 606 1042 682 αἰτιώμενος
1073 598 1174 688 ἄνδρα
1206 608 1258 688 της
1290 604 1369 668 οἶνοί·

282 727 357 768 στου
376 705 503 788 φόσεως
526 705 692 786 διαφέρειν
715 703 773 786 την
786 698 930 768 οἴκτιστον
951 705 1070 789 ταύτης
1091 707 1259 786 ἐνέργειαν.
1301 702 1367 766 odat

281 803 341 889 γόρ
367 804 471 877 οόδείς
491 807 551 868 ταῖν
572 803 720 868 ότιόντων
741 810 775 869 εἰν
794 815 860 880 τοῖς
890 809 1010 869 ἐκείνου
1034 803 1281 888 συγγράμμασιν
1301 804 1368 867 catat
1432 887 1433 890 η

281 903 382 969 πολλοὶ
414 905 555 990 μογήσας
590 899 661 969 οὔτε
684 908 776 989 μόγις
806 913 886 989 μίγα
907 933 937 971 τι
966 909 1029 971 cuir
1053 903 1177 971 πόντων
1197 899 1268 970 οὔτε
1290 900 1387 986 uulua

281 1005 372 1089 μόλις
396 1009 473 1089 γοῦν
502 1011 564 1072 τοῖν
596 1005 772 1090 ἐλαχίστων
801 1009 895 1072 ου’δὲν
917 1006 1096 1090 όμότροτιον
1128 999 1167 1070 όν
1190 1007 1265 1072 ποθ’
1287 999 1368 1085 εόροι
1432 1079 1433 1090 η

280 1111 423 1176 τουτοισί
448 1118 514 1182 τοῖς
535 1112 590 1172 νῦν
607 1115 859 1193 παρευρημένοις
880 1113 937 1172 καί
949 1112 1200 1191 προτεθειμένοις
1220 1111 1265 1194 τῷ
1280 1129 1369 1169 κατα·

282 1208 366 1298 ρότιρ
389 1209 441 1274 σοί
461 1213 607 1296 Παλαμᾷ
629 1212 683 1272 καί
705 1213 824 1296 δολερῷ
845 1209 1038 1296 συκοφάντῃ.
1060 1212 1150 1272 δυοῖν
1168 1211 1245 1291 γοῦν
1269 1204 1368 1272 ἔπειτα
1432 1211 1433 1218 ’

280 1310 428 1395 θάτερον,
451 1303 469 1394 η’
494 1308 552 1392 γὰρ
575 1307 654 1374 ἐνεόν
673 1317 874 1394 βλασφημεῖς
898 1305 917 1393 ἢ
939 1311 1000 1392 οόχ
1020 1308 1099 1374 duabu
1120 1313 1257 1392 α’γνοεῖς,
1281 1311 1370 1372 α’ναλ-
1432 1339 1433 1348 ¹

283 1412 425 1497 φόβητος
459 1403 512 1491 τόν,
542 1413 584 1486 ὥς
619 1410 718 1476 ἔοικεν
729 1461 738 1492 ,
764 1409 819 1492 ἔτι,
850 1415 904 1474 καί
934 1410 1151 1491 τῶντρόπων
1180 1415 1236 1494 τῆς
1263 1410 1401 1492 οσιγίοςλθ

283 1512 446 1596 στοιχείων
466 1511 549 1576 αόνυ
574 1538 604 1577 τι
627 1511 738 1595 α’όαὴς.
782 1503 826 1576 ὧν
846 1510 879 1576 τό
901 1517 961 1593 μὲν
983 1514 1127 1594 αὐίατον,
1147 1511 1182 1577 τό
1209 1515 1237 1575 d’
1262 1505 1370 1593 ἡμιμό-

280 1621 405 1698 χθηρον
428 1617 483 1678 καί
503 1614 653 1695 ι’όσιμον·
675 1611 713 1699 ἢν
736 1607 792 1680 σόν
812 1613 866 1677 καί
887 1612 987 1687 αότός
1007 1615 1129 1701 ἐθέλῃς,
1151 1609 1226 1677 ἑλοῦ
1247 1611 1280 1676 τό
1304 1609 1369 1674 ded-
1432 1667 1433 1672 ,

280 1739 380 1798 τερον.
426 1719 515 1780 δυοῖν
546 1716 607 1798 γόρ
629 1711 770 1798 ὄψεσθαι
792 1716 930 1795 θάτερον
964 1718 1080 1792 danico
1102 1720 1158 1778 κατ’
1175 1704 1368 1797 εόχομαι,ἢ

281 1815 337 1901 την
359 1815 419 1898 ση“ν
448 1815 667 1902 εὀιοτροφην,
697 1817 727 1880 εἰ
745 1813 866 1897 βοόλει,
890 1810 912 1897 εἲ
931 1816 986 1897 την
1013 1814 1072 1898 ση“ν
1094 1815 1323 1900 καταστροφήν,
1344 1812 1369 1874 εἰ

280 1915 323 2002 μη
347 1917 464 2000 βοόλει.
513 1915 549 1981 τό
572 1921 630 1998 μὲν
650 1918 711 2000 γόρ
741 1922 777 1982 σὲ
800 1919 854 2000 τη”ς
888 1919 1059 1990 πολυετοῦς
1082 1918 1242 1989 αἀωλείσις
1264 1919 1400 1993 ἐξελεῖ-15
1432 1981 1433 1984 ¹

215 2028 344 2099 ΙΙται,
364 2016 399 2080 τό
426 2019 461 2080 δὲ
483 2017 537 2080 καί
559 2015 632 2092 τοός
654 2009 769 2092 ἄλλους
783 2016 829 2099 μὴ
850 2013 1061 2098 βλάπτεσθαι.
1105 2015 1205 2079 πόθεν
1228 2010 1286 2079 οὖν
1306 2018 1369 2078 ἐτι·

281 2112 528 2210 χειροίημενόν
569 2123 772 2199 μεταπείθειν
801 2110 905 2197 ἄνδρα
932 2119 1079 2182 τοσοῦτον
1107 2119 1162 2179 καί
1191 2111 1290 2189 σότως
1310 2109 1367 2196 ἦλι·
1432 2157 1433 2168 r

280 2223 348 2294 τείας
371 2217 505 2302 ἔχοντας
530 2214 549 2302 ἢ
573 2217 694 2295 τιοίντως
718 2214 794 2283 ὅθεν
816 2217 1076 2280 oda-alverniam
1094 2212 1133 2280 όν
1145 2215 1194 2302 εἴη
1205 2216 1237 2281 τὸ
1254 2219 1367 2295 σκέμμα
1432 2187 1433 2278 ί

278 2314 360 2402 πρός
390 2322 552 2405 ω’ρὲλιμον
582 2324 685 2401 τέλος,
717 2323 799 2403 μηδὲ
829 2321 962 2398 μάταιος
993 2323 1102 2401 γένοιτ’
1135 2343 1174 2381 αν
1201 2311 1366 2436 donandi.

280 2422 437 2502 βούλομαι
463 2423 490 2483 d’
513 2414 610 2486 οόν“’
593 2445 677 2501 ομως
695 2424 915 2503 ἐντελεστέραν
937 2443 992 2484 του
980 2417 1099 2538 λόγου
1123 2419 1301 2502 α’ρχόμενος
1318 2410 1433 2496 τηνλῠ

283 2526 346 2585 ταῖν
369 2521 599 2606 ῥηθησομένων
623 2521 821 2604 τιοιηοαοθαί
842 2544 893 2584 σοι
916 2520 1190 2602 προκατόστασιν,
1211 2544 1263 2583 ναι
1261 2513 1367 2581 trad·
1432 2469 1433 2572 ί

283 2628 332 2700 ξαν
359 2619 414 2685 τόν
435 2623 549 2706 α’μαθη
567 2649 603 2688 σε
592 2628 651 2702 ἐξ
669 2624 778 2686 ου’τιόν
801 2617 984 2704 ἀρχόμενος
1002 2624 1062 2684 ταῖν
1085 2621 1192 2684 dulcio
1214 2620 1365 2700 στοιχείων

281 2726 336 2788 καί
359 2747 483 2809 φωνων,
505 2723 548 2799 τός
574 2724 603 2790 οἱ
628 2722 871 2808 γραμματισταί
893 2720 931 2788 τοὶ
950 2746 1112 2804 μειρακια,
1136 2723 1192 2787 ἵνα
1215 2747 1257 2805 μη
1279 2737 1364 2786 συνε-

1432 2841 1433 2910 l

282 2965 400 3037 (etiamsi
419 2970 447 3016 tu
466 2962 583 3018 clamore
603 2963 743 3048 rumpatis,
763 2963 809 3046 qui
825 2963 1001 3016 remotissima
1022 2964 1134 3013 misceas
1154 2969 1181 3013 et
1199 2962 1287 3016 dicere
1302 2960 1363 3012 divi·
1432 2915 1433 3008 ί

280 3053 342 3092 uum
361 3035 437 3088 illum
456 3035 606 3090 crimineris
626 3037 711 3087 virum
730 3035 762 3086 ab
783 3035 901 3084 increata
919 3042 1013 3085 natura
1034 3034 1141 3085 differre
1160 3035 1301 3085 increatam
1315 3033 1362 3083 eius

282 3109 462 3161 efficientiam.
499 3109 672 3176 nequeenim
692 3108 829 3175 quisquam
847 3108 961 3157 omnium
980 3107 1007 3155 iu
1029 3105 1103 3156 illius
1121 3106 1238 3172 scriptis,
1257 3103 1363 3173 quamvis

280 3180 390 3233 multura
411 3179 587 3242 elaborando,
619 3181 665 3230 vix
699 3194 787 3246 neque
818 3194 939 3246 magnum
969 3179 1083 3228 omniurn
1102 3193 1191 3244 neque
1211 3177 1364 3228 minimorum

282 3252 387 3321 quidem
409 3251 550 3319 quidquam
571 3250 658 3304 simile
677 3251 799 3302 inveniat
817 3265 930 3333 unquam
947 3249 989 3313 iis,
1009 3263 1077 3317 quaa
1094 3264 1165 3298 nuuc
1181 3263 1197 3300 a
1214 3255 1250 3312 te,
1262 3246 1362 3306 Palama,

282 3324 463 3376 obtrectatore
483 3321 611 3373 detestato
642 3331 668 3374 et
687 3322 816 3372 insidioso
844 3323 954 3371 inventa
979 3329 1005 3370 et
1030 3319 1134 3403 prolata
1158 3324 1244 3388 sunt).
1280 3316 1362 3368 deinde

283 3395 439 3446 alterutrum
459 3393 574 3460 quidem,
594 3401 639 3444 aut
657 3395 726 3444 enim
746 3407 799 3442 non
819 3395 919 3444 invitus
942 3391 1009 3442 falso
1030 3392 1195 3456 criminaris,
1215 3399 1259 3442 aut
1277 3389 1362 3440 invitus

282 3465 355 3516 illu'
349 3478 468 3532 ignoras,
491 3472 517 3514 et
531 3464 674 3516 illiteratus
695 3481 732 3527 es,
753 3472 781 3514 ut
801 3465 914 3527 videtur,
937 3464 1039 3526 adhuc,
1060 3470 1086 3512 et
1104 3463 1247 3528 primorum
1262 3461 1363 3527 eapien-

284 3538 338 3588 tiae
359 3535 550 3586 elementorum
571 3532 708 3586 olnnino'
702 3551 829 3604 ignarus,
850 3550 959 3602 quorum
984 3534 1051 3584 illud
1075 3534 1241 3598 insanabile,
1262 3532 1309 3586 hoc
1325 3545 1363 3580 se-

283 3608 445 3660 mimisernm
466 3607 586 3670 (dimidio
609 3606 720 3676 melius)
742 3615 769 3657 et
787 3606 907 3657 sanabile
927 3614 981 3656 est:
1004 3606 1120 3672 eiigitur
1136 3613 1162 3655 et
1180 3606 1239 3673 ipse
1256 3606 1304 3667 ris,
1322 3602 1363 3652 hoc

285 3679 385 3748 delige.
423 3677 577 3728 alterutrum
598 3679 666 3729 enim
686 3694 727 3728 me
747 3679 865 3729 visurum
885 3693 944 3727 esse
963 3691 1042 3743 spero
1062 3685 1198 3742 optoque,
1219 3684 1363 3728 auttero-

284 3751 358 3808 lente
380 3749 492 3799 reditum
515 3757 597 3814 tuum,
618 3758 664 3800 aut
682 3757 709 3801 te
726 3749 837 3800 nolente
865 3751 998 3799 interitum
1019 3756 1108 3810 tuum,
1128 3747 1241 3800 alterum
1262 3747 1324 3797 enlm
1343 3750 1363 3792 te

284 3820 411 3874 liberabit
429 3821 550 3886 pernicie
570 3829 684 3884 antenna,
706 3821 818 3873 alterum
842 3823 918 3871 etiarn
937 3828 1058 3870 caeteros
1079 3814 1363 3888 dau1n0.[hicl'ala·

285 3909 352 3944 mam
370 3892 449 3942 docet
468 3907 536 3959 quae
556 3894 626 3942 scire
643 3908 701 3942 eum
722 3895 773 3943 iam
796 3891 860 3942 olim
881 3890 1043 3959 oportebatJ.
1064 3889 1196 3972 quomodo
1213 3891 1295 3956 igitur
1312 3900 1363 3954 per-

285 3963 398 4017 suadere
418 3963 571 4013 conabimur
599 3961 644 4012 tali
666 3979 751 4030 eoque
778 3965 829 4013 iam
849 3964 943 4014 aetatio
963 3969 1091 4045 provecto
1112 3962 1187 4024 viro,
1207 3969 1254 4012 ant
1272 3958 1363 4010 omniuo

288 4034 419 4104 quomodo
441 4049 494 4084 non
517 4033 688 4100 insperabilis
712 4037 762 4086 erit
788 4036 821 4085 de
847 4034 907 4085 utili
934 4034 1006 4084 exitu
1025 4039 1183 4115 prospectus
1206 4038 1365 4100 ncquevaua

287 4107 333 4159 liet
353 4104 455 4171 opera?
492 4113 579 4158 tamon
598 4105 661 4156 volo
683 4105 857 4171 pleniorem'
850 4121 877 4156 m
897 4105 1025 4158 orationis
1044 4104 1121 4156 initio
1141 4117 1232 4157 eorum
1251 4098 1364 4171 quaed

288 4185 382 4230 ccntur
407 4178 547 4228 instituere
574 4177 623 4227 tibi
639 4177 860 4242 dispositionem,
889 4185 915 4226 et
937 4185 965 4228 te
991 4175 1104 4228 edocere
1134 4189 1169 4228 οι
1195 4175 1260 4242 ipsiu
1277 4171 1366 4224 initiuu

290 4261 399 4307 romena
422 4247 587 4317 simplicibus
607 4248 748 4303 elementia
768 4257 795 4301 ut
812 4249 895 4318 aonia,
914 4257 945 4302 ut
960 4248 1080 4316 magistri
1092 4260 1208 4315 pueros,
1225 4261 1259 4300 uc
1276 4249 1366 4309 renati

1432 4335 1433 4406 l
