<?xml version="1.0" encoding="UTF-8"?>
<!DOCTYPE html PUBLIC "-//W3C//DTD XHTML 1.0 Transitional//EN"
    "http://www.w3.org/TR/xhtml1/DTD/xhtml1-transitional.dtd">
<html xmlns="http://www.w3.org/1999/xhtml" xml:lang="en" lang="en">
 <head>
  <title>
</title>
<meta http-equiv="Content-Type" content="text/html;charset=utf-8" />
  <meta name='ocr-system' content='tesseract 3.04.00' />
  <meta name='ocr-capabilities' content='ocr_page ocr_carea ocr_par ocr_line ocrx_word'/>
</head>
<body>
  <div class='ocr_page' id='page_1' title='image "./nicephorigregor07schogoog_0593.png"; bbox 0 0 2992 4916; ppageno 0'>
   <div class='ocr_carea' id='block_1_1' title="bbox 260 283 1046 383">
    <p class='ocr_par' dir='ltr' id='par_1_1' title="bbox 260 283 1046 383">
     <span class='ocr_line' id='line_1_1' title="bbox 260 283 1046 383; baseline 0.005 -9"><span class='ocrx_word' id='word_1_1' title='bbox 260 299 332 383; x_wconf 80' lang='lat'><strong><em>550</em></strong></span> <span class='ocrx_word' id='word_1_2' title='bbox 558 307 782 378; x_wconf 80' lang='grc' dir='ltr'><strong><em>ιιιοτιιιοιιι</em></strong></span> <span class='ocrx_word' id='word_1_3' title='bbox 814 283 1046 378; x_wconf 81' lang='lat' dir='ltr'>canaonas</span> 
     </span>
    </p>
   </div>
   <div class='ocr_carea' id='block_1_2' title="bbox 138 469 1405 2880">
    <p class='ocr_par' dir='ltr' id='par_1_2' title="bbox 258 469 1387 1370">
     <span class='ocr_line' id='line_1_2' title="bbox 258 469 1363 560; baseline 0.005 -26"><span class='ocrx_word' id='word_1_4' title='bbox 258 469 398 554; x_wconf 89' lang='grc' dir='ltr'><strong><em>μάλιστα</em></strong></span> <span class='ocrx_word' id='word_1_5' title='bbox 419 471 543 555; x_wconf 90' lang='grc' dir='ltr'><strong><em>γνήσιοι</em></strong></span> <span class='ocrx_word' id='word_1_6' title='bbox 564 471 621 535; x_wconf 82' lang='grc' dir='ltr'><strong><em>καί</em></strong></span> <span class='ocrx_word' id='word_1_7' title='bbox 640 472 814 557; x_wconf 78' lang='grc' dir='ltr'><strong><em>οἰκότριβες</em></strong></span> <span class='ocrx_word' id='word_1_8' title='bbox 826 520 835 549; x_wconf 94' lang='grc'><strong><em>,</em></strong></span> <span class='ocrx_word' id='word_1_9' title='bbox 865 474 912 558; x_wconf 71' lang='grc' dir='ltr'><strong><em>τῷ</em></strong></span> <span class='ocrx_word' id='word_1_10' title='bbox 934 495 969 536; x_wconf 87' lang='grc' dir='ltr'><strong><em>τε</em></strong></span> <span class='ocrx_word' id='word_1_11' title='bbox 999 475 1220 560; x_wconf 79' lang='grc' dir='ltr'><strong><em>φιλοδοξοῦντι</em></strong></span> <span class='ocrx_word' id='word_1_12' title='bbox 1241 479 1363 542; x_wconf 77' lang='grc' dir='ltr'><strong><em>καθελ-</em></strong></span> 
     </span>
     <span class='ocr_line' id='line_1_3' title="bbox 259 571 1363 660; baseline 0.005 -25"><span class='ocrx_word' id='word_1_13' title='bbox 259 572 389 654; x_wconf 87' lang='grc' dir='ltr'><strong><em>κόμενοι</em></strong></span> <span class='ocrx_word' id='word_1_14' title='bbox 409 575 464 655; x_wconf 85' lang='grc' dir='ltr'><strong><em>τής</em></strong></span> <span class='ocrx_word' id='word_1_15' title='bbox 483 571 609 657; x_wconf 79' lang='grc' dir='ltr'><strong><em>γνώμης</em></strong></span> <span class='ocrx_word' id='word_1_16' title='bbox 629 575 685 638; x_wconf 81' lang='grc' dir='ltr'><strong><em>καί</em></strong></span> <span class='ocrx_word' id='word_1_17' title='bbox 710 572 776 657; x_wconf 81' lang='grc' dir='ltr'><strong><em>ἅμα</em></strong></span> <span class='ocrx_word' id='word_1_18' title='bbox 808 577 844 639; x_wconf 88' lang='grc' dir='ltr'><strong><em>τὸ</em></strong></span> <span class='ocrx_word' id='word_1_19' title='bbox 868 571 1035 654; x_wconf 85' lang='grc' dir='ltr'><strong><em>αἴσχιστον</em></strong></span> <span class='ocrx_word' id='word_1_20' title='bbox 1054 579 1111 660; x_wconf 77' lang='grc' dir='ltr'><strong><em>τῆς</em></strong></span> <span class='ocrx_word' id='word_1_21' title='bbox 1132 580 1280 659; x_wconf 79' lang='grc' dir='ltr'><strong><em>τελευτῆς</em></strong></span> <span class='ocrx_word' id='word_1_22' title='bbox 1301 603 1363 640; x_wconf 84' lang='grc' dir='ltr'><strong><em>κα-</em></strong></span> 
     </span>
     <span class='ocr_line' id='line_1_4' title="bbox 261 671 1365 763; baseline 0.006 -28"><span class='ocrx_word' id='word_1_23' title='bbox 261 671 388 736; x_wconf 86' lang='grc' dir='ltr'><strong><em>λύπτειν</em></strong></span> <span class='ocrx_word' id='word_1_24' title='bbox 410 672 611 751; x_wconf 87' lang='grc' dir='ltr'><strong><em>σπεύδοντες,</em></strong></span> <span class='ocrx_word' id='word_1_25' title='bbox 636 674 809 740; x_wconf 77' lang='grc' dir='ltr'><strong><em>ἀντίπαλον</em></strong></span> <span class='ocrx_word' id='word_1_26' title='bbox 836 677 883 762; x_wconf 74' lang='grc' dir='ltr'><strong><em>τῷ</em></strong></span> <span class='ocrx_word' id='word_1_27' title='bbox 908 674 1065 757; x_wconf 78' lang='grc' dir='ltr'><strong><em>συμβάντι</em></strong></span> <span class='ocrx_word' id='word_1_28' title='bbox 1092 679 1199 763; x_wconf 85' lang='grc' dir='ltr'><strong><em>φήμην</em></strong></span> <span class='ocrx_word' id='word_1_29' title='bbox 1225 674 1284 742; x_wconf 83' lang='grc' dir='ltr'><strong><em>ύνά</em></strong></span> <span class='ocrx_word' id='word_1_30' title='bbox 1305 677 1365 762; x_wconf 85' lang='grc' dir='ltr'><strong><em>τήν</em></strong></span> 
     </span>
     <span class='ocr_line' id='line_1_5' title="bbox 261 771 1363 864; baseline 0.005 -29"><span class='ocrx_word' id='word_1_31' title='bbox 261 771 354 838; x_wconf 91' lang='grc' dir='ltr'><strong><em>πόλιν</em></strong></span> <span class='ocrx_word' id='word_1_32' title='bbox 377 773 613 858; x_wconf 62' lang='grc' dir='ltr'><strong><em>Θεσσαλονίκην</em></strong></span> <span class='ocrx_word' id='word_1_33' title='bbox 644 776 809 862; x_wconf 78' lang='grc' dir='ltr'><strong><em>ἐξήνεγκάν</em></strong></span> <span class='ocrx_word' id='word_1_34' title='bbox 828 800 862 841; x_wconf 87' lang='grc' dir='ltr'><strong><em>τε</em></strong></span> <span class='ocrx_word' id='word_1_35' title='bbox 894 776 949 841; x_wconf 80' lang='grc' dir='ltr'><strong><em>καὶ</em></strong></span> <span class='ocrx_word' id='word_1_36' title='bbox 979 779 1197 862; x_wconf 78' lang='grc' dir='ltr'><strong><em>περιήνεγκαν,</em></strong></span> <span class='ocrx_word' id='word_1_37' title='bbox 1218 775 1263 854; x_wconf 63' lang='lat' dir='ltr'>aig</span> <span class='ocrx_word' id='word_1_38' title='bbox 1284 780 1363 864; x_wconf 66' lang='lat' dir='ltr'>Epiro</span> 
     </span>
     <span class='ocr_line' id='line_1_6' title="bbox 262 873 1387 966; baseline 0.007 -27"><span class='ocrx_word' id='word_1_39' title='bbox 262 873 427 958; x_wconf 88' lang='grc' dir='ltr'><strong><em>νοσήματα</em></strong></span> <span class='ocrx_word' id='word_1_40' title='bbox 451 876 506 941; x_wconf 83' lang='grc' dir='ltr'><strong><em>καί</em></strong></span> <span class='ocrx_word' id='word_1_41' title='bbox 528 879 704 960; x_wconf 76' lang='grc' dir='ltr'><strong><em>θεραπεύοι</em></strong></span> <span class='ocrx_word' id='word_1_42' title='bbox 725 879 936 963; x_wconf 77' lang='grc' dir='ltr'><strong><em>πυρέττοντας</em></strong></span> <span class='ocrx_word' id='word_1_43' title='bbox 953 878 1009 944; x_wconf 99' lang='grc' dir='ltr'><strong><em>καί</em></strong></span> <span class='ocrx_word' id='word_1_44' title='bbox 1030 879 1207 964; x_wconf 85' lang='grc' dir='ltr'><strong><em>φυγαδεύοι</em></strong></span> <span class='ocrx_word' id='word_1_45' title='bbox 1228 880 1387 966; x_wconf 87' lang='grc' dir='ltr'><strong><em>πληγάς,5</em></strong></span> 
     </span>
     <span class='ocr_line' id='line_1_7' title="bbox 261 972 1362 1067; baseline 0.003 -30"><span class='ocrx_word' id='word_1_46' title='bbox 261 975 317 1040; x_wconf 93' lang='grc' dir='ltr'><strong><em>καί</em></strong></span> <span class='ocrx_word' id='word_1_47' title='bbox 337 977 468 1040; x_wconf 89' lang='grc' dir='ltr'><strong><em>τοιαῦτα</em></strong></span> <span class='ocrx_word' id='word_1_48' title='bbox 493 972 568 1042; x_wconf 81' lang='grc' dir='ltr'><strong><em>ῦττα</em></strong></span> <span class='ocrx_word' id='word_1_49' title='bbox 592 977 839 1061; x_wconf 83' lang='grc' dir='ltr'><strong><em>άλλοπρόσαλλύ</em></strong></span> <span class='ocrx_word' id='word_1_50' title='bbox 857 1002 892 1043; x_wconf 90' lang='grc' dir='ltr'><strong><em>τε</em></strong></span> <span class='ocrx_word' id='word_1_51' title='bbox 924 980 980 1044; x_wconf 82' lang='grc' dir='ltr'><strong><em>καί</em></strong></span> <span class='ocrx_word' id='word_1_52' title='bbox 1008 978 1148 1064; x_wconf 79' lang='grc' dir='ltr'><strong><em>ἔκφυλα,</em></strong></span> <span class='ocrx_word' id='word_1_53' title='bbox 1185 977 1232 1056; x_wconf 77' lang='grc' dir='ltr'><strong><em>ὦς’</em></strong></span> <span class='ocrx_word' id='word_1_54' title='bbox 1261 976 1362 1067; x_wconf 75' lang='grc' dir='ltr'><strong><em>ῦντηῖ</em></strong></span> 
     </span>
     <span class='ocr_line' id='line_1_8' title="bbox 260 1075 1361 1166; baseline 0.003 -24"><span class='ocrx_word' id='word_1_55' title='bbox 260 1075 431 1162; x_wconf 88' lang='grc' dir='ltr'><strong><em>τερατιόδει</em></strong></span> <span class='ocrx_word' id='word_1_56' title='bbox 460 1081 516 1162; x_wconf 81' lang='grc' dir='ltr'><strong><em>τῆς</em></strong></span> <span class='ocrx_word' id='word_1_57' title='bbox 549 1079 656 1164; x_wconf 82' lang='grc' dir='ltr'><strong><em>φήμης</em></strong></span> <span class='ocrx_word' id='word_1_58' title='bbox 688 1079 989 1164; x_wconf 81' lang='grc' dir='ltr'><strong><em>άντιπερισπάσαιέν</em></strong></span> <span class='ocrx_word' id='word_1_59' title='bbox 1015 1103 1049 1145; x_wconf 87' lang='grc' dir='ltr'><strong><em>τε</em></strong></span> <span class='ocrx_word' id='word_1_60' title='bbox 1071 1079 1152 1166; x_wconf 89' lang='grc' dir='ltr'><strong><em>πρός</em></strong></span> <span class='ocrx_word' id='word_1_61' title='bbox 1171 1080 1207 1146; x_wconf 83' lang='grc' dir='ltr'><strong><em>τὸ</em></strong></span> <span class='ocrx_word' id='word_1_62' title='bbox 1229 1085 1286 1166; x_wconf 78' lang='grc' dir='ltr'><strong><em>τῆς</em></strong></span> <span class='ocrx_word' id='word_1_63' title='bbox 1307 1084 1361 1148; x_wconf 81' lang='grc' dir='ltr'><strong><em>έκ-</em></strong></span> 
     </span>
     <span class='ocr_line' id='line_1_9' title="bbox 262 1176 1362 1268; baseline 0.005 -28"><span class='ocrx_word' id='word_1_64' title='bbox 262 1176 403 1261; x_wconf 80' lang='grc' dir='ltr'><strong><em>πλήξεως</em></strong></span> <span class='ocrx_word' id='word_1_65' title='bbox 440 1179 528 1261; x_wconf 90' lang='grc' dir='ltr'><strong><em>μάλα</em></strong></span> <span class='ocrx_word' id='word_1_66' title='bbox 562 1180 743 1264; x_wconf 85' lang='grc' dir='ltr'><strong><em>καινότερον</em></strong></span> <span class='ocrx_word' id='word_1_67' title='bbox 770 1177 825 1264; x_wconf 84' lang='grc' dir='ltr'><strong><em>τήν</em></strong></span> <span class='ocrx_word' id='word_1_68' title='bbox 866 1179 976 1266; x_wconf 86' lang='grc' dir='ltr'><strong><em>άκοήν,</em></strong></span> <span class='ocrx_word' id='word_1_69' title='bbox 1007 1183 1066 1247; x_wconf 74' lang='grc' dir='ltr'><strong><em>κατ’·</em></strong></span> <span class='ocrx_word' id='word_1_70' title='bbox 1099 1183 1362 1268; x_wconf 82' lang='grc' dir='ltr'><strong><em>ύπαοχολήσαιεν</em></strong></span> 
     </span>
     <span class='ocr_line' id='line_1_10' title="bbox 262 1271 1360 1370; baseline 0.005 -30"><span class='ocrx_word' id='word_1_71' title='bbox 262 1277 374 1364; x_wconf 82' lang='grc' dir='ltr'><strong><em>πόρρω</em></strong></span> <span class='ocrx_word' id='word_1_72' title='bbox 399 1271 517 1365; x_wconf 75' lang='grc' dir='ltr'><strong><em>κομιδή</em></strong></span> <span class='ocrx_word' id='word_1_73' title='bbox 537 1280 696 1365; x_wconf 75' lang='grc' dir='ltr'><strong><em>τάληδοῦς</em></strong></span> <span class='ocrx_word' id='word_1_74' title='bbox 717 1281 773 1346; x_wconf 71' lang='grc' dir='ltr'><strong><em>κατ’</em></strong></span> <span class='ocrx_word' id='word_1_75' title='bbox 794 1277 869 1348; x_wconf 74' lang='lat' dir='ltr'>inor</span> <span class='ocrx_word' id='word_1_76' title='bbox 889 1279 922 1346; x_wconf 89' lang='grc' dir='ltr'><strong><em>τό</em></strong></span> <span class='ocrx_word' id='word_1_77' title='bbox 951 1283 1006 1366; x_wconf 84' lang='grc' dir='ltr'><strong><em>τής</em></strong></span> <span class='ocrx_word' id='word_1_78' title='bbox 1029 1282 1137 1369; x_wconf 85' lang='grc' dir='ltr'><strong><em>φήμης</em></strong></span> <span class='ocrx_word' id='word_1_79' title='bbox 1159 1284 1256 1370; x_wconf 84' lang='grc' dir='ltr'><strong><em>φέροι</em></strong></span> <span class='ocrx_word' id='word_1_80' title='bbox 1277 1289 1360 1346; x_wconf 87' lang='grc' dir='ltr'><strong><em>πλα-</em></strong></span> 
     </span>
    </p>

    <p class='ocr_par' dir='ltr' id='par_1_3' title="bbox 196 1378 1405 2177">
     <span class='ocr_line' id='line_1_11' title="bbox 196 1378 1405 1470; baseline 0.005 -26"><span class='ocrx_word' id='word_1_81' title='bbox 196 1379 409 1462; x_wconf 62' lang='grc' dir='ltr'><strong><em>ίθνιύμενον.</em></strong></span> <span class='ocrx_word' id='word_1_82' title='bbox 453 1378 534 1444; x_wconf 67' lang='lat' dir='ltr'>otti</span> <span class='ocrx_word' id='word_1_83' title='bbox 555 1382 656 1446; x_wconf 87' lang='grc' dir='ltr'><strong><em>πάντα</em></strong></span> <span class='ocrx_word' id='word_1_84' title='bbox 680 1381 719 1466; x_wconf 88' lang='grc' dir='ltr'><strong><em>δή</em></strong></span> <span class='ocrx_word' id='word_1_85' title='bbox 738 1381 778 1446; x_wconf 83' lang='grc' dir='ltr'><strong><em>τά</em></strong></span> <span class='ocrx_word' id='word_1_86' title='bbox 798 1384 905 1448; x_wconf 85' lang='grc' dir='ltr'><strong><em>τοιαδί</em></strong></span> <span class='ocrx_word' id='word_1_87' title='bbox 926 1385 1054 1470; x_wconf 86' lang='grc' dir='ltr'><strong><em>φροῦδά</em></strong></span> <span class='ocrx_word' id='word_1_88' title='bbox 1074 1408 1107 1448; x_wconf 87' lang='grc' dir='ltr'><strong><em>τε</em></strong></span> <span class='ocrx_word' id='word_1_89' title='bbox 1130 1385 1185 1450; x_wconf 82' lang='grc' dir='ltr'><strong><em>καί</em></strong></span> <span class='ocrx_word' id='word_1_90' title='bbox 1209 1385 1361 1467; x_wconf 77' lang='grc' dir='ltr'><strong><em>ἀνεμιαῖα</em></strong></span> <span class='ocrx_word' id='word_1_91' title='bbox 1373 1398 1405 1452; x_wconf 82' lang='grc'><strong><em>10</em></strong></span> 
     </span>
     <span class='ocr_line' id='line_1_12' title="bbox 262 1479 1360 1570; baseline 0.004 -25"><span class='ocrx_word' id='word_1_92' title='bbox 262 1482 308 1566; x_wconf 75' lang='lat' dir='ltr'>cpi</span> <span class='ocrx_word' id='word_1_93' title='bbox 327 1483 384 1544; x_wconf 86' lang='grc' dir='ltr'><strong><em>τοῦ</em></strong></span> <span class='ocrx_word' id='word_1_94' title='bbox 412 1481 533 1565; x_wconf 87' lang='grc' dir='ltr'><strong><em>χρόνου</em></strong></span> <span class='ocrx_word' id='word_1_95' title='bbox 566 1484 730 1562; x_wconf 75' lang='grc' dir='ltr'><strong><em>βαδίζοντι</em></strong></span> <span class='ocrx_word' id='word_1_96' title='bbox 751 1479 976 1568; x_wconf 69' lang='grc' dir='ltr'><strong><em>’ἔξηλέγχοντω</em></strong></span> <span class='ocrx_word' id='word_1_97' title='bbox 1034 1483 1070 1548; x_wconf 88' lang='grc' dir='ltr'><strong><em>ού</em></strong></span> <span class='ocrx_word' id='word_1_98' title='bbox 1099 1484 1161 1570; x_wconf 84' lang='grc' dir='ltr'><strong><em>γάρ</em></strong></span> <span class='ocrx_word' id='word_1_99' title='bbox 1190 1493 1256 1561; x_wconf 85' lang='grc' dir='ltr'><strong><em>τοῖς</em></strong></span> <span class='ocrx_word' id='word_1_100' title='bbox 1278 1482 1360 1549; x_wconf 85' lang='grc' dir='ltr'><strong><em>υῦτω</em></strong></span> 
     </span>
     <span class='ocr_line' id='line_1_13' title="bbox 262 1581 1360 1668; baseline 0.004 -24"><span class='ocrx_word' id='word_1_101' title='bbox 262 1581 434 1666; x_wconf 77' lang='grc' dir='ltr'><strong><em>προδήλοις</em></strong></span> <span class='ocrx_word' id='word_1_102' title='bbox 454 1585 517 1646; x_wconf 84' lang='grc' dir='ltr'><strong><em>τιῦν</em></strong></span> <span class='ocrx_word' id='word_1_103' title='bbox 538 1585 670 1663; x_wconf 81' lang='grc' dir='ltr'><strong><em>ψευδῶν</em></strong></span> <span class='ocrx_word' id='word_1_104' title='bbox 690 1581 711 1668; x_wconf 81' lang='grc' dir='ltr'><em>ἦ</em></span> <span class='ocrx_word' id='word_1_105' title='bbox 734 1583 869 1668; x_wconf 74' lang='grc' dir='ltr'><strong><em>άλήδεια</em></strong></span> <span class='ocrx_word' id='word_1_106' title='bbox 884 1585 1092 1650; x_wconf 65' lang='lat' dir='ltr'>&amp;praecatas</span> <span class='ocrx_word' id='word_1_107' title='bbox 1114 1585 1245 1652; x_wconf 79' lang='grc' dir='ltr'><strong><em>εἴωθτν·</em></strong></span> <span class='ocrx_word' id='word_1_108' title='bbox 1291 1585 1360 1650; x_wconf 75' lang='grc' dir='ltr'><strong><em>ἀλλ’</em></strong></span> 
     </span>
     <span class='ocr_line' id='line_1_14' title="bbox 263 1679 1360 1768; baseline 0.003 -21"><span class='ocrx_word' id='word_1_109' title='bbox 263 1679 281 1747; x_wconf 87' lang='lat' dir='ltr'><strong><em>o‘</em></strong></span> <span class='ocrx_word' id='word_1_110' title='bbox 300 1681 417 1768; x_wconf 84' lang='grc' dir='ltr'><strong><em>χρόνος</em></strong></span> <span class='ocrx_word' id='word_1_111' title='bbox 441 1681 612 1764; x_wconf 80' lang='grc' dir='ltr'><strong><em>ἀνιχνεύων</em></strong></span> <span class='ocrx_word' id='word_1_112' title='bbox 642 1683 763 1750; x_wconf 62' lang='grc' dir='ltr'><strong><em>ἅπανθ’</em></strong></span> <span class='ocrx_word' id='word_1_113' title='bbox 783 1682 831 1760; x_wconf 70' lang='lat' dir='ltr'>cic</span> <span class='ocrx_word' id='word_1_114' title='bbox 851 1686 934 1762; x_wconf 80' lang='grc' dir='ltr'><strong><em>εἰκός</em></strong></span> <span class='ocrx_word' id='word_1_115' title='bbox 958 1686 1110 1752; x_wconf 83' lang='grc' dir='ltr'><strong><em>ἔπεισίτε</em></strong></span> <span class='ocrx_word' id='word_1_116' title='bbox 1141 1689 1198 1752; x_wconf 85' lang='grc' dir='ltr'><strong><em>καῖ</em></strong></span> <span class='ocrx_word' id='word_1_117' title='bbox 1218 1688 1360 1752; x_wconf 77' lang='grc' dir='ltr'><strong><em>ἐπιτίθε-</em></strong></span> 
     </span>
     <span class='ocr_line' id='line_1_15' title="bbox 261 1775 1362 1875; baseline 0.005 -29"><span class='ocrx_word' id='word_1_118' title='bbox 261 1807 315 1846; x_wconf 91' lang='grc' dir='ltr'><strong><em>ται</em></strong></span> <span class='ocrx_word' id='word_1_119' title='bbox 338 1779 441 1846; x_wconf 76' lang='grc' dir='ltr'><strong><em>ἄλλοτ’</em></strong></span> <span class='ocrx_word' id='word_1_120' title='bbox 459 1775 588 1862; x_wconf 80' lang='grc' dir='ltr'><strong><em>άλλως,</em></strong></span> <span class='ocrx_word' id='word_1_121' title='bbox 609 1788 757 1870; x_wconf 76' lang='grc' dir='ltr'><strong><em>καθάπερ</em></strong></span> <span class='ocrx_word' id='word_1_122' title='bbox 779 1788 812 1850; x_wconf 83' lang='grc' dir='ltr'><strong><em>έν</em></strong></span> <span class='ocrx_word' id='word_1_123' title='bbox 835 1787 964 1873; x_wconf 88' lang='grc' dir='ltr'><strong><em>δίφροις</em></strong></span> <span class='ocrx_word' id='word_1_124' title='bbox 986 1787 1219 1875; x_wconf 77' lang='grc' dir='ltr'><strong><em>ήνιοστροφυῦν,</em></strong></span> <span class='ocrx_word' id='word_1_125' title='bbox 1240 1786 1281 1851; x_wconf 82' lang='grc' dir='ltr'><strong><em>τά</em></strong></span> <span class='ocrx_word' id='word_1_126' title='bbox 1299 1791 1362 1852; x_wconf 73' lang='lat' dir='ltr'>coir</span> 
     </span>
     <span class='ocr_line' id='line_1_16' title="bbox 262 1881 1405 1974; baseline 0.01 -30"><span class='ocrx_word' id='word_1_127' title='bbox 262 1881 440 1965; x_wconf 87' lang='grc' dir='ltr'><strong><em>λεγομένων</em></strong></span> <span class='ocrx_word' id='word_1_128' title='bbox 459 1907 491 1948; x_wconf 89' lang='grc' dir='ltr'><strong><em>τε</em></strong></span> <span class='ocrx_word' id='word_1_129' title='bbox 510 1884 565 1948; x_wconf 71' lang='grc' dir='ltr'><strong><em>κατ’</em></strong></span> <span class='ocrx_word' id='word_1_130' title='bbox 586 1885 811 1969; x_wconf 87' lang='grc' dir='ltr'><strong><em>πραττομένων</em></strong></span> <span class='ocrx_word' id='word_1_131' title='bbox 834 1887 968 1971; x_wconf 90' lang='grc' dir='ltr'><strong><em>πέρατα,</em></strong></span> <span class='ocrx_word' id='word_1_132' title='bbox 994 1889 1050 1953; x_wconf 72' lang='grc' dir='ltr'><strong><em>κατ’</em></strong></span> <span class='ocrx_word' id='word_1_133' title='bbox 1064 1887 1154 1974; x_wconf 80' lang='grc' dir='ltr'><strong><em>παρὰ</em></strong></span> <span class='ocrx_word' id='word_1_134' title='bbox 1175 1892 1283 1953; x_wconf 83' lang='grc' dir='ltr'><strong><em>πᾶσαν</em></strong></span> <span class='ocrx_word' id='word_1_135' title='bbox 1306 1888 1405 1956; x_wconf 75' lang='lat' dir='ltr'>rid-to</span> 
     </span>
     <span class='ocr_line' id='line_1_17' title="bbox 262 1977 1361 2075; baseline 0.008 -32"><span class='ocrx_word' id='word_1_136' title='bbox 262 2004 354 2065; x_wconf 91' lang='grc' dir='ltr'><strong><em>κησιν</em></strong></span> <span class='ocrx_word' id='word_1_137' title='bbox 380 1977 482 2050; x_wconf 56' lang='grc' dir='ltr'><strong><em>ἄλλοι)</em></strong></span> <span class='ocrx_word' id='word_1_138' title='bbox 511 1979 614 2061; x_wconf 79' lang='grc' dir='ltr'><strong><em>άλλως</em></strong></span> <span class='ocrx_word' id='word_1_139' title='bbox 645 1989 678 2052; x_wconf 82' lang='grc' dir='ltr'><strong><em>ἐν</em></strong></span> <span class='ocrx_word' id='word_1_140' title='bbox 699 1989 740 2073; x_wconf 80' lang='grc' dir='ltr'><strong><em>τῇ</em></strong></span> <span class='ocrx_word' id='word_1_141' title='bbox 768 1990 822 2052; x_wconf 89' lang='grc' dir='ltr'><strong><em>τοῦ</em></strong></span> <span class='ocrx_word' id='word_1_142' title='bbox 842 1990 917 2070; x_wconf 82' lang='grc' dir='ltr'><strong><em>βίον</em></strong></span> <span class='ocrx_word' id='word_1_143' title='bbox 941 1990 1089 2074; x_wconf 72' lang='grc' dir='ltr'><strong><em>θαλάσση</em></strong></span> <span class='ocrx_word' id='word_1_144' title='bbox 1115 1988 1264 2075; x_wconf 84' lang='grc' dir='ltr'><strong><em>στρέφων</em></strong></span> <span class='ocrx_word' id='word_1_145' title='bbox 1285 1981 1361 2052; x_wconf 74' lang='grc' dir='ltr'><strong><em>ἑκά-</em></strong></span> 
     </span>
     <span class='ocr_line' id='line_1_18' title="bbox 264 2081 1362 2177; baseline 0.006 -31"><span class='ocrx_word' id='word_1_146' title='bbox 264 2105 325 2168; x_wconf 82' lang='grc' dir='ltr'><strong><em>στῳ</em></strong></span> <span class='ocrx_word' id='word_1_147' title='bbox 348 2085 403 2146; x_wconf 90' lang='grc' dir='ltr'><strong><em>τοῦ</em></strong></span> <span class='ocrx_word' id='word_1_148' title='bbox 419 2083 562 2169; x_wconf 78' lang='grc' dir='ltr'><strong><em>σκάφους</em></strong></span> <span class='ocrx_word' id='word_1_149' title='bbox 582 2083 786 2164; x_wconf 82' lang='grc' dir='ltr'><strong><em>τοῦςοῖακας·</em></strong></span> <span class='ocrx_word' id='word_1_150' title='bbox 809 2090 864 2154; x_wconf 72' lang='grc' dir='ltr'><strong><em>καί</em></strong></span> <span class='ocrx_word' id='word_1_151' title='bbox 887 2081 934 2165; x_wconf 83' lang='grc' dir='ltr'><strong><em>οἷς</em></strong></span> <span class='ocrx_word' id='word_1_152' title='bbox 954 2087 1181 2177; x_wconf 81' lang='grc' dir='ltr'><strong><em>ξυμπέπτωκεν</em></strong></span> <span class='ocrx_word' id='word_1_153' title='bbox 1201 2085 1306 2164; x_wconf 83' lang='grc' dir='ltr'><strong><em>άλλως</em></strong></span> <span class='ocrx_word' id='word_1_154' title='bbox 1328 2091 1362 2153; x_wconf 80' lang='grc' dir='ltr'><strong><em>ἐν</em></strong></span> 
     </span>
    </p>

    <p class='ocr_par' dir='ltr' id='par_1_4' title="bbox 202 2177 1361 2376">
     <span class='ocr_line' id='line_1_19' title="bbox 202 2177 1361 2276; baseline 0.004 -29"><span class='ocrx_word' id='word_1_155' title='bbox 202 2251 204 2256; x_wconf 68' lang='grc'><strong><em>,</em></strong></span> <span class='ocrx_word' id='word_1_156' title='bbox 265 2177 373 2260; x_wconf 74' lang='grc' dir='ltr'><strong><em>ἄλλοις</em></strong></span> <span class='ocrx_word' id='word_1_157' title='bbox 393 2188 615 2270; x_wconf 79' lang='grc' dir='ltr'><strong><em>προσκροῦσαι</em></strong></span> <span class='ocrx_word' id='word_1_158' title='bbox 630 2191 700 2275; x_wconf 73' lang='grc' dir='ltr'><strong><em>θεῷ</em></strong></span> <span class='ocrx_word' id='word_1_159' title='bbox 714 2198 839 2276; x_wconf 77' lang='grc' dir='ltr'><strong><em>καιροῖς</em></strong></span> <span class='ocrx_word' id='word_1_160' title='bbox 859 2213 892 2255; x_wconf 90' lang='grc' dir='ltr'><strong><em>τε</em></strong></span> <span class='ocrx_word' id='word_1_161' title='bbox 910 2191 965 2255; x_wconf 83' lang='grc' dir='ltr'><strong><em>καί</em></strong></span> <span class='ocrx_word' id='word_1_162' title='bbox 984 2190 1092 2268; x_wconf 87' lang='grc' dir='ltr'><strong><em>τόποις</em></strong></span> <span class='ocrx_word' id='word_1_163' title='bbox 1113 2190 1169 2253; x_wconf 83' lang='grc' dir='ltr'><strong><em>καί</em></strong></span> <span class='ocrx_word' id='word_1_164' title='bbox 1183 2190 1361 2275; x_wconf 88' lang='grc' dir='ltr'><strong><em>πράγμασι,</em></strong></span> 
     </span>
     <span class='ocr_line' id='line_1_20' title="bbox 263 2281 1361 2376; baseline 0.005 -26"><span class='ocrx_word' id='word_1_165' title='bbox 263 2284 383 2361; x_wconf 79' lang='grc' dir='ltr'><strong><em>τούτοις</em></strong></span> <span class='ocrx_word' id='word_1_166' title='bbox 409 2281 512 2362; x_wconf 75' lang='grc' dir='ltr'><strong><em>ἄλλως</em></strong></span> <span class='ocrx_word' id='word_1_167' title='bbox 530 2288 563 2352; x_wconf 81' lang='grc' dir='ltr'><strong><em>ἐν</em></strong></span> <span class='ocrx_word' id='word_1_168' title='bbox 587 2283 697 2365; x_wconf 76' lang='grc' dir='ltr'><strong><em>ἄλλοις</em></strong></span> <span class='ocrx_word' id='word_1_169' title='bbox 720 2291 915 2376; x_wconf 88' lang='grc' dir='ltr'><strong><em>πραγμάτων</em></strong></span> <span class='ocrx_word' id='word_1_170' title='bbox 936 2291 1047 2372; x_wconf 87' lang='grc' dir='ltr'><strong><em>τύχαις</em></strong></span> <span class='ocrx_word' id='word_1_171' title='bbox 1069 2289 1217 2376; x_wconf 79' lang='grc' dir='ltr'><strong><em>ἐπιφέρει</em></strong></span> <span class='ocrx_word' id='word_1_172' title='bbox 1235 2288 1290 2374; x_wconf 84' lang='grc' dir='ltr'><strong><em>τήν</em></strong></span> <span class='ocrx_word' id='word_1_173' title='bbox 1313 2291 1361 2356; x_wconf 80' lang='grc' dir='ltr'><strong><em>δι’·</em></strong></span> 
     </span>
    </p>

    <p class='ocr_par' dir='ltr' id='par_1_5' title="bbox 138 2381 1405 2880">
     <span class='ocr_line' id='line_1_21' title="bbox 138 2381 1405 2478; baseline -0.001 -23"><span class='ocrx_word' id='word_1_174' title='bbox 138 2399 140 2404; x_wconf 83' lang='grc'><strong>’</strong></span> <span class='ocrx_word' id='word_1_175' title='bbox 168 2443 169 2448; x_wconf 52' lang='grc'><strong><em>,</em></strong></span> <span class='ocrx_word' id='word_1_176' title='bbox 198 2402 330 2470; x_wconf 59' lang='grc' dir='ltr'><strong><em>δίκην.</em></strong></span> <span class='ocrx_word' id='word_1_177' title='bbox 374 2381 462 2468; x_wconf 80' lang='grc' dir='ltr'><strong><em>ὅμως</em></strong></span> <span class='ocrx_word' id='word_1_178' title='bbox 484 2385 512 2450; x_wconf 82' lang='grc' dir='ltr'><strong><em>οἱ</em></strong></span> <span class='ocrx_word' id='word_1_179' title='bbox 534 2391 587 2472; x_wconf 77' lang='grc' dir='ltr'><strong><em>τῆς</em></strong></span> <span class='ocrx_word' id='word_1_180' title='bbox 604 2393 801 2475; x_wconf 84' lang='grc' dir='ltr'><strong><em>Παλαμικής</em></strong></span> <span class='ocrx_word' id='word_1_181' title='bbox 821 2390 976 2478; x_wconf 78' lang='grc' dir='ltr'><strong><em>αἱρέσεως</em></strong></span> <span class='ocrx_word' id='word_1_182' title='bbox 995 2394 1157 2456; x_wconf 73' lang='grc' dir='ltr'><strong><em>θιασῶται</em></strong></span> <span class='ocrx_word' id='word_1_183' title='bbox 1177 2388 1212 2456; x_wconf 89' lang='grc' dir='ltr'><strong><em>τό</em></strong></span> <span class='ocrx_word' id='word_1_184' title='bbox 1234 2392 1288 2473; x_wconf 80' lang='grc' dir='ltr'><strong><em>τῆς</em></strong></span> <span class='ocrx_word' id='word_1_185' title='bbox 1311 2414 1361 2454; x_wconf 78' lang='grc' dir='ltr'><strong><em>τε·</em></strong></span> <span class='ocrx_word' id='word_1_186' title='bbox 1371 2415 1405 2468; x_wconf 82' lang='lat'><strong><em>20</em></strong></span> 
     </span>
     <span class='ocr_line' id='line_1_22' title="bbox 263 2482 1361 2577; baseline 0.005 -29"><span class='ocrx_word' id='word_1_187' title='bbox 263 2487 391 2568; x_wconf 82' lang='grc' dir='ltr'><strong><em>λευτής,</em></strong></span> <span class='ocrx_word' id='word_1_188' title='bbox 424 2482 467 2562; x_wconf 76' lang='grc' dir='ltr'><strong><em>ὥς</em></strong></span> <span class='ocrx_word' id='word_1_189' title='bbox 488 2484 627 2571; x_wconf 83' lang='grc' dir='ltr'><strong><em>εἴρηται,</em></strong></span> <span class='ocrx_word' id='word_1_190' title='bbox 650 2487 816 2570; x_wconf 84' lang='grc' dir='ltr'><strong><em>αἴσχιστον</em></strong></span> <span class='ocrx_word' id='word_1_191' title='bbox 838 2491 985 2577; x_wconf 87' lang='grc' dir='ltr'><strong><em>κρύπτειν</em></strong></span> <span class='ocrx_word' id='word_1_192' title='bbox 1019 2488 1063 2568; x_wconf 65' lang='grc' dir='ltr'><strong><em>οἷς</em></strong></span> <span class='ocrx_word' id='word_1_193' title='bbox 1084 2490 1218 2573; x_wconf 88' lang='grc' dir='ltr'><strong><em>δύναμις</em></strong></span> <span class='ocrx_word' id='word_1_194' title='bbox 1237 2489 1361 2574; x_wconf 77' lang='grc' dir='ltr'><strong><em>ἐπειγό-</em></strong></span> 
     </span>
     <span class='ocr_line' id='line_1_23' title="bbox 262 2583 1365 2678; baseline 0.005 -31"><span class='ocrx_word' id='word_1_195' title='bbox 262 2607 369 2666; x_wconf 89' lang='grc' dir='ltr'><strong><em>μενοι,</em></strong></span> <span class='ocrx_word' id='word_1_196' title='bbox 393 2583 496 2666; x_wconf 80' lang='grc' dir='ltr'><strong><em>συχνὰ</em></strong></span> <span class='ocrx_word' id='word_1_197' title='bbox 518 2595 673 2672; x_wconf 77' lang='grc' dir='ltr'><strong><em>παρεῖχον</em></strong></span> <span class='ocrx_word' id='word_1_198' title='bbox 697 2589 833 2676; x_wconf 81' lang='grc' dir='ltr'><strong><em>ύργόρια</em></strong></span> <span class='ocrx_word' id='word_1_199' title='bbox 855 2595 917 2655; x_wconf 78' lang='grc' dir='ltr'><strong><em>τῶν</em></strong></span> <span class='ocrx_word' id='word_1_200' title='bbox 934 2593 967 2656; x_wconf 81' lang='grc' dir='ltr'><strong><em>έν</em></strong></span> <span class='ocrx_word' id='word_1_201' title='bbox 984 2600 1053 2670; x_wconf 79' lang='grc' dir='ltr'><strong><em>ταῖς</em></strong></span> <span class='ocrx_word' id='word_1_202' title='bbox 1078 2591 1227 2678; x_wconf 79' lang='grc' dir='ltr'><strong><em>άγοριαῖς</em></strong></span> <span class='ocrx_word' id='word_1_203' title='bbox 1248 2587 1365 2676; x_wconf 77' lang='grc' dir='ltr'><strong><em>ἐρριμ-Ι</em></strong></span> 
     </span>
     <span class='ocr_line' id='line_1_24' title="bbox 262 2686 1363 2780; baseline 0.004 -30"><span class='ocrx_word' id='word_1_204' title='bbox 262 2686 367 2768; x_wconf 86' lang='grc' dir='ltr'><strong><em>μένων</em></strong></span> <span class='ocrx_word' id='word_1_205' title='bbox 380 2687 519 2772; x_wconf 86' lang='grc' dir='ltr'><strong><em>πενήτων</em></strong></span> <span class='ocrx_word' id='word_1_206' title='bbox 539 2689 644 2770; x_wconf 80' lang='grc' dir='ltr'><strong><em>ἐνίοις,</em></strong></span> <span class='ocrx_word' id='word_1_207' title='bbox 673 2689 715 2767; x_wconf 72' lang='grc' dir='ltr'><strong><em>ὥς</em></strong></span> <span class='ocrx_word' id='word_1_208' title='bbox 733 2689 773 2756; x_wconf 82' lang='grc' dir='ltr'><strong><em>τά</em></strong></span> <span class='ocrx_word' id='word_1_209' title='bbox 793 2693 916 2757; x_wconf 71' lang='grc' dir='ltr'><strong><em>ἐκεῖθεν</em></strong></span> <span class='ocrx_word' id='word_1_210' title='bbox 929 2691 1008 2778; x_wconf 86' lang='grc' dir='ltr'><strong><em>ήμῑν</em></strong></span> <span class='ocrx_word' id='word_1_211' title='bbox 1030 2692 1244 2780; x_wconf 76' lang='grc' dir='ltr'><strong><em>ἀφικνούμενα</em></strong></span> <span class='ocrx_word' id='word_1_212' title='bbox 1268 2689 1363 2773; x_wconf 43' lang='grc' dir='ltr'><strong><em>δεδήη</em></strong></span> 
     </span>
     <span class='ocr_line' id='line_1_25' title="bbox 264 2789 1360 2880; baseline 0.004 -30"><span class='ocrx_word' id='word_1_213' title='bbox 264 2791 346 2850; x_wconf 90' lang='grc' dir='ltr'><strong><em>λωκε</em></strong></span> <span class='ocrx_word' id='word_1_214' title='bbox 365 2789 556 2874; x_wconf 87' lang='grc' dir='ltr'><strong><em>γράμματα,</em></strong></span> <span class='ocrx_word' id='word_1_215' title='bbox 588 2792 643 2857; x_wconf 80' lang='grc' dir='ltr'><strong><em>καί</em></strong></span> <span class='ocrx_word' id='word_1_216' title='bbox 673 2790 742 2874; x_wconf 86' lang='grc' dir='ltr'><strong><em>δι’μα</em></strong></span> <span class='ocrx_word' id='word_1_217' title='bbox 769 2793 937 2879; x_wconf 87' lang='grc' dir='ltr'><strong><em>προσιέναι</em></strong></span> <span class='ocrx_word' id='word_1_218' title='bbox 958 2818 991 2858; x_wconf 88' lang='grc' dir='ltr'><strong><em>τε</em></strong></span> <span class='ocrx_word' id='word_1_219' title='bbox 1021 2793 1150 2859; x_wconf 77' lang='grc' dir='ltr'><strong><em>ἔπειθον</em></strong></span> <span class='ocrx_word' id='word_1_220' title='bbox 1171 2795 1219 2880; x_wconf 75' lang='grc' dir='ltr'><strong><em>τῷ</em></strong></span> <span class='ocrx_word' id='word_1_221' title='bbox 1240 2795 1360 2858; x_wconf 74' lang='lat' dir='ltr'>Habu-</span> 
     </span>
    </p>
   </div>
   <div class='ocr_carea' id='block_1_3' title="bbox 262 3076 1364 4291">
    <p class='ocr_par' dir='ltr' id='par_1_6' title="bbox 262 3076 1364 4291">
     <span class='ocr_line' id='line_1_26' title="bbox 264 3076 1361 3149; baseline 0.003 -22"><span class='ocrx_word' id='word_1_222' title='bbox 264 3084 344 3145; x_wconf 86' lang='lat' dir='ltr'>atque</span> <span class='ocrx_word' id='word_1_223' title='bbox 363 3076 412 3129; x_wconf 90' lang='lat' dir='ltr'>iila</span> <span class='ocrx_word' id='word_1_224' title='bbox 430 3077 536 3146; x_wconf 82' lang='lat' dir='ltr'>gloriae</span> <span class='ocrx_word' id='word_1_225' title='bbox 566 3080 746 3146; x_wconf 76' lang='lat' dir='ltr'>cupidiorem,</span> <span class='ocrx_word' id='word_1_226' title='bbox 768 3095 846 3149; x_wconf 87' lang='lat' dir='ltr'>quum</span> <span class='ocrx_word' id='word_1_227' title='bbox 867 3081 1019 3132; x_wconf 76' lang='lat' dir='ltr'>foeditatem</span> <span class='ocrx_word' id='word_1_228' title='bbox 1043 3079 1131 3131; x_wconf 88' lang='lat' dir='ltr'>obitus</span> <span class='ocrx_word' id='word_1_229' title='bbox 1152 3079 1211 3132; x_wconf 88' lang='lat' dir='ltr'>eius</span> <span class='ocrx_word' id='word_1_230' title='bbox 1231 3079 1361 3147; x_wconf 73' lang='lat' dir='ltr'><strong><em>obtegere</em></strong></span> 
     </span>
     <span class='ocr_line' id='line_1_27' title="bbox 264 3149 1362 3218; baseline 0.001 -19"><span class='ocrx_word' id='word_1_231' title='bbox 264 3149 411 3213; x_wconf 70' lang='lat' dir='ltr'><strong>studerent,</strong></span> <span class='ocrx_word' id='word_1_232' title='bbox 432 3151 525 3201; x_wconf 79' lang='lat' dir='ltr'>samam</span> <span class='ocrx_word' id='word_1_233' title='bbox 545 3151 584 3202; x_wconf 88' lang='lat' dir='ltr'><strong><em>rei</em></strong></span> <span class='ocrx_word' id='word_1_234' title='bbox 606 3153 764 3203; x_wconf 83' lang='lat' dir='ltr'>contrariam</span> <span class='ocrx_word' id='word_1_235' title='bbox 784 3167 833 3218; x_wconf 90' lang='lat' dir='ltr'><strong><em>per</em></strong></span> <span class='ocrx_word' id='word_1_236' title='bbox 853 3152 945 3203; x_wconf 85' lang='lat' dir='ltr'>urbam</span> <span class='ocrx_word' id='word_1_237' title='bbox 964 3151 1177 3204; x_wconf 84' lang='lat' dir='ltr'>Thessalonicam</span> <span class='ocrx_word' id='word_1_238' title='bbox 1198 3150 1362 3218; x_wconf 76' lang='lat' dir='ltr'>evulgabant</span> 
     </span>
     <span class='ocr_line' id='line_1_28' title="bbox 265 3220 1359 3290; baseline -0.002 -20"><span class='ocrx_word' id='word_1_239' title='bbox 265 3227 292 3271; x_wconf 89' lang='lat' dir='ltr'><strong><em>et</em></strong></span> <span class='ocrx_word' id='word_1_240' title='bbox 310 3220 550 3286; x_wconf 71' lang='lat' dir='ltr'><strong>circumferebant,</strong></span> <span class='ocrx_word' id='word_1_241' title='bbox 567 3231 691 3290; x_wconf 85' lang='lat' dir='ltr'>tanquam</span> <span class='ocrx_word' id='word_1_242' title='bbox 710 3224 861 3275; x_wconf 77' lang='lat' dir='ltr'>mederetur</span> <span class='ocrx_word' id='word_1_243' title='bbox 885 3223 934 3274; x_wconf 86' lang='lat' dir='ltr'>iiie</span> <span class='ocrx_word' id='word_1_244' title='bbox 952 3221 1050 3274; x_wconf 83' lang='lat' dir='ltr'>morbis</span> <span class='ocrx_word' id='word_1_245' title='bbox 1071 3229 1097 3273; x_wconf 92' lang='lat' dir='ltr'><strong><em>et</em></strong></span> <span class='ocrx_word' id='word_1_246' title='bbox 1114 3231 1223 3275; x_wconf 85' lang='lat' dir='ltr'>sanaret</span> <span class='ocrx_word' id='word_1_247' title='bbox 1242 3221 1359 3272; x_wconf 80' lang='lat' dir='ltr'>febricu-</span> 
     </span>
     <span class='ocr_line' id='line_1_29' title="bbox 263 3289 1360 3362; baseline 0.001 -21"><span class='ocrx_word' id='word_1_248' title='bbox 263 3289 338 3342; x_wconf 85' lang='lat' dir='ltr'>loros</span> <span class='ocrx_word' id='word_1_249' title='bbox 360 3299 386 3342; x_wconf 90' lang='lat' dir='ltr'><strong><em>et</em></strong></span> <span class='ocrx_word' id='word_1_250' title='bbox 406 3301 542 3343; x_wconf 89' lang='lat' dir='ltr'>averteret</span> <span class='ocrx_word' id='word_1_251' title='bbox 570 3293 663 3362; x_wconf 78' lang='lat' dir='ltr'>plagas</span> <span class='ocrx_word' id='word_1_252' title='bbox 685 3301 712 3344; x_wconf 88' lang='lat' dir='ltr'><strong><em>et</em></strong></span> <span class='ocrx_word' id='word_1_253' title='bbox 735 3294 885 3346; x_wconf 87' lang='lat' dir='ltr'>huiusmodi</span> <span class='ocrx_word' id='word_1_254' title='bbox 913 3293 966 3345; x_wconf 83' lang='lat' dir='ltr'>elia</span> <span class='ocrx_word' id='word_1_255' title='bbox 992 3292 1090 3344; x_wconf 82' lang='lat' dir='ltr'>similia</span> <span class='ocrx_word' id='word_1_256' title='bbox 1115 3300 1141 3344; x_wconf 89' lang='lat' dir='ltr'><strong><em>et</em></strong></span> <span class='ocrx_word' id='word_1_257' title='bbox 1166 3294 1301 3346; x_wconf 74' lang='lat' dir='ltr'>inauditus</span> <span class='ocrx_word' id='word_1_258' title='bbox 1332 3299 1360 3342; x_wconf 91' lang='lat' dir='ltr'>ut</span> 
     </span>
     <span class='ocr_line' id='line_1_30' title="bbox 262 3361 1360 3431; baseline 0.002 -20"><span class='ocrx_word' id='word_1_259' title='bbox 262 3361 423 3413; x_wconf 85' lang='lat' dir='ltr'>miraculosa</span> <span class='ocrx_word' id='word_1_260' title='bbox 443 3362 511 3414; x_wconf 82' lang='lat' dir='ltr'>fama</span> <span class='ocrx_word' id='word_1_261' title='bbox 532 3379 611 3416; x_wconf 90' lang='lat' dir='ltr'>aures</span> <span class='ocrx_word' id='word_1_262' title='bbox 626 3373 816 3418; x_wconf 82' lang='lat' dir='ltr'>converterent</span> <span class='ocrx_word' id='word_1_263' title='bbox 835 3367 866 3417; x_wconf 84' lang='lat' dir='ltr'><strong><em>ari</em></strong></span> <span class='ocrx_word' id='word_1_264' title='bbox 885 3367 1031 3416; x_wconf 86' lang='lat' dir='ltr'>novitatem</span> <span class='ocrx_word' id='word_1_265' title='bbox 1051 3367 1200 3431; x_wconf 88' lang='lat' dir='ltr'>portentosi</span> <span class='ocrx_word' id='word_1_266' title='bbox 1221 3374 1248 3417; x_wconf 87' lang='lat' dir='ltr'><strong><em>et</em></strong></span> <span class='ocrx_word' id='word_1_267' title='bbox 1265 3363 1298 3414; x_wconf 86' lang='lat' dir='ltr'>de</span> <span class='ocrx_word' id='word_1_268' title='bbox 1316 3365 1360 3414; x_wconf 83' lang='lat' dir='ltr'>iu-</span> 
     </span>
     <span class='ocr_line' id='line_1_31' title="bbox 264 3431 1360 3504; baseline 0.001 -20"><span class='ocrx_word' id='word_1_269' title='bbox 264 3433 364 3484; x_wconf 84' lang='lat' dir='ltr'>dustria</span> <span class='ocrx_word' id='word_1_270' title='bbox 382 3431 492 3499; x_wconf 82' lang='lat' dir='ltr'>procula</span> <span class='ocrx_word' id='word_1_271' title='bbox 512 3449 577 3485; x_wconf 83' lang='lat' dir='ltr'>vera</span> <span class='ocrx_word' id='word_1_272' title='bbox 594 3434 780 3488; x_wconf 73' lang='lat' dir='ltr'><strong><em>abstraherent</em></strong></span> <span class='ocrx_word' id='word_1_273' title='bbox 799 3452 851 3504; x_wconf 83' lang='lat' dir='ltr'><strong><em>quo</em></strong></span> <span class='ocrx_word' id='word_1_274' title='bbox 871 3444 989 3488; x_wconf 84' lang='lat' dir='ltr'>manaret</span> <span class='ocrx_word' id='word_1_275' title='bbox 1012 3437 1095 3486; x_wconf 83' lang='lat' dir='ltr'>famae</span> <span class='ocrx_word' id='word_1_276' title='bbox 1115 3435 1289 3488; x_wconf 83' lang='lat' dir='ltr'>mandacium.</span> <span class='ocrx_word' id='word_1_277' title='bbox 1314 3434 1360 3486; x_wconf 83' lang='lat' dir='ltr'><strong><em>aed</em></strong></span> 
     </span>
     <span class='ocr_line' id='line_1_32' title="bbox 264 3503 1360 3575; baseline 0 -21"><span class='ocrx_word' id='word_1_278' title='bbox 264 3503 333 3554; x_wconf 85' lang='lat' dir='ltr'>baec</span> <span class='ocrx_word' id='word_1_279' title='bbox 348 3505 452 3554; x_wconf 90' lang='lat' dir='ltr'>omuiaa</span> <span class='ocrx_word' id='word_1_280' title='bbox 468 3505 649 3557; x_wconf 75' lang='lat' dir='ltr'>senescebant</span> <span class='ocrx_word' id='word_1_281' title='bbox 660 3515 686 3558; x_wconf 90' lang='lat' dir='ltr'><strong><em>et</em></strong></span> <span class='ocrx_word' id='word_1_282' title='bbox 704 3509 780 3575; x_wconf 89' lang='lat' dir='ltr'>quasi</span> <span class='ocrx_word' id='word_1_283' title='bbox 794 3517 874 3560; x_wconf 85' lang='lat' dir='ltr'>rento</span> <span class='ocrx_word' id='word_1_284' title='bbox 894 3508 994 3559; x_wconf 80' lang='lat' dir='ltr'>difflata</span> <span class='ocrx_word' id='word_1_285' title='bbox 1008 3505 1135 3572; x_wconf 88' lang='lat' dir='ltr'>temporis</span> <span class='ocrx_word' id='word_1_286' title='bbox 1157 3521 1302 3575; x_wconf 84' lang='lat' dir='ltr'>progressu</span> <span class='ocrx_word' id='word_1_287' title='bbox 1315 3521 1360 3556; x_wconf 86' lang='lat' dir='ltr'><strong><em>re.</em></strong></span> 
     </span>
     <span class='ocr_line' id='line_1_33' title="bbox 264 3573 1360 3645; baseline 0 -19"><span class='ocrx_word' id='word_1_288' title='bbox 264 3573 346 3626; x_wconf 76' lang='lat' dir='ltr'>tutata</span> <span class='ocrx_word' id='word_1_289' title='bbox 361 3581 430 3626; x_wconf 85' lang='lat' dir='ltr'>sunt.</span> <span class='ocrx_word' id='word_1_290' title='bbox 466 3591 525 3626; x_wconf 87' lang='lat' dir='ltr'>nam</span> <span class='ocrx_word' id='word_1_291' title='bbox 546 3578 690 3629; x_wconf 73' lang='lat' dir='ltr'>mendaciis</span> <span class='ocrx_word' id='word_1_292' title='bbox 703 3587 754 3629; x_wconf 84' lang='lat' dir='ltr'><strong><em>tam</em></strong></span> <span class='ocrx_word' id='word_1_293' title='bbox 774 3582 874 3645; x_wconf 88' lang='lat' dir='ltr'>apertis</span> <span class='ocrx_word' id='word_1_294' title='bbox 894 3581 994 3630; x_wconf 86' lang='lat' dir='ltr'>veritas</span> <span class='ocrx_word' id='word_1_295' title='bbox 1015 3593 1069 3628; x_wconf 90' lang='lat' dir='ltr'><strong><em>nou</em></strong></span> <span class='ocrx_word' id='word_1_296' title='bbox 1088 3578 1159 3629; x_wconf 81' lang='lat' dir='ltr'>solet</span> <span class='ocrx_word' id='word_1_297' title='bbox 1179 3579 1291 3638; x_wconf 87' lang='lat' dir='ltr'>servire,</span> <span class='ocrx_word' id='word_1_298' title='bbox 1314 3575 1360 3627; x_wconf 85' lang='lat' dir='ltr'>sed</span> 
     </span>
     <span class='ocr_line' id='line_1_34' title="bbox 263 3647 1360 3717; baseline 0.003 -22"><span class='ocrx_word' id='word_1_299' title='bbox 263 3653 368 3712; x_wconf 88' lang='lat' dir='ltr'>tempus</span> <span class='ocrx_word' id='word_1_300' title='bbox 387 3648 474 3698; x_wconf 90' lang='lat' dir='ltr'>omnia</span> <span class='ocrx_word' id='word_1_301' title='bbox 493 3647 622 3716; x_wconf 81' lang='lat' dir='ltr'>indagans</span> <span class='ocrx_word' id='word_1_302' title='bbox 640 3657 668 3700; x_wconf 87' lang='lat' dir='ltr'>nt</span> <span class='ocrx_word' id='word_1_303' title='bbox 687 3650 716 3701; x_wconf 84' lang='lat' dir='ltr'><strong><em>iit</em></strong></span> <span class='ocrx_word' id='word_1_304' title='bbox 734 3651 847 3703; x_wconf 86' lang='lat' dir='ltr'>interest</span> <span class='ocrx_word' id='word_1_305' title='bbox 874 3658 900 3702; x_wconf 91' lang='lat' dir='ltr'><strong><em>et</em></strong></span> <span class='ocrx_word' id='word_1_306' title='bbox 919 3650 990 3716; x_wconf 79' lang='lat' dir='ltr'>regit</span> <span class='ocrx_word' id='word_1_307' title='bbox 1008 3648 1074 3700; x_wconf 83' lang='lat' dir='ltr'>alias</span> <span class='ocrx_word' id='word_1_308' title='bbox 1093 3648 1173 3700; x_wconf 87' lang='lat' dir='ltr'>aliter</span> <span class='ocrx_word' id='word_1_309' title='bbox 1191 3658 1315 3717; x_wconf 85' lang='lat' dir='ltr'>tanquam</span> <span class='ocrx_word' id='word_1_310' title='bbox 1333 3650 1360 3698; x_wconf 95' lang='lat' dir='ltr'>in</span> 
     </span>
     <span class='ocr_line' id='line_1_35' title="bbox 264 3718 1361 3787; baseline 0.001 -19"><span class='ocrx_word' id='word_1_311' title='bbox 264 3733 343 3769; x_wconf 88' lang='lat' dir='ltr'>curru</span> <span class='ocrx_word' id='word_1_312' title='bbox 362 3718 455 3784; x_wconf 84' lang='lat' dir='ltr'>auriga</span> <span class='ocrx_word' id='word_1_313' title='bbox 474 3719 604 3770; x_wconf 89' lang='lat' dir='ltr'>dictorum</span> <span class='ocrx_word' id='word_1_314' title='bbox 621 3729 648 3772; x_wconf 87' lang='lat' dir='ltr'><strong><em>et</em></strong></span> <span class='ocrx_word' id='word_1_315' title='bbox 667 3722 795 3772; x_wconf 84' lang='lat' dir='ltr'>sactorum</span> <span class='ocrx_word' id='word_1_316' title='bbox 814 3723 891 3786; x_wconf 82' lang='lat' dir='ltr'>tinea,</span> <span class='ocrx_word' id='word_1_317' title='bbox 911 3729 938 3772; x_wconf 88' lang='lat' dir='ltr'><strong><em>et</em></strong></span> <span class='ocrx_word' id='word_1_318' title='bbox 956 3728 1048 3772; x_wconf 89' lang='lat' dir='ltr'>contra</span> <span class='ocrx_word' id='word_1_319' title='bbox 1065 3721 1162 3772; x_wconf 83' lang='lat' dir='ltr'>omnim</span> <span class='ocrx_word' id='word_1_320' title='bbox 1181 3721 1361 3787; x_wconf 81' lang='lat' dir='ltr'>opinationem</span> 
     </span>
     <span class='ocr_line' id='line_1_36' title="bbox 264 3787 1362 3860; baseline 0 -20"><span class='ocrx_word' id='word_1_321' title='bbox 264 3787 331 3840; x_wconf 86' lang='lat' dir='ltr'>alias</span> <span class='ocrx_word' id='word_1_322' title='bbox 352 3789 432 3841; x_wconf 88' lang='lat' dir='ltr'>aliter</span> <span class='ocrx_word' id='word_1_323' title='bbox 456 3791 482 3840; x_wconf 92' lang='lat' dir='ltr'>in</span> <span class='ocrx_word' id='word_1_324' title='bbox 512 3792 584 3842; x_wconf 87' lang='lat' dir='ltr'>vitae</span> <span class='ocrx_word' id='word_1_325' title='bbox 603 3792 679 3843; x_wconf 89' lang='lat' dir='ltr'>undis</span> <span class='ocrx_word' id='word_1_326' title='bbox 704 3793 834 3860; x_wconf 86' lang='lat' dir='ltr'>cuiusque</span> <span class='ocrx_word' id='word_1_327' title='bbox 862 3791 972 3859; x_wconf 77' lang='lat' dir='ltr'>cymbae</span> <span class='ocrx_word' id='word_1_328' title='bbox 999 3790 1180 3858; x_wconf 84' lang='lat' dir='ltr'>gubernacula</span> <span class='ocrx_word' id='word_1_329' title='bbox 1208 3793 1296 3844; x_wconf 80' lang='lat' dir='ltr'>vertit.</span> <span class='ocrx_word' id='word_1_330' title='bbox 1336 3798 1362 3840; x_wconf 88' lang='lat' dir='ltr'><strong><em>et</em></strong></span> 
     </span>
     <span class='ocr_line' id='line_1_37' title="bbox 267 3857 1364 3930; baseline 0.003 -22"><span class='ocrx_word' id='word_1_331' title='bbox 267 3857 363 3926; x_wconf 83' lang='lat' dir='ltr'>quibus</span> <span class='ocrx_word' id='word_1_332' title='bbox 382 3861 478 3912; x_wconf 87' lang='lat' dir='ltr'>accidit</span> <span class='ocrx_word' id='word_1_333' title='bbox 498 3878 618 3929; x_wconf 84' lang='lat' dir='ltr'>pugnare</span> <span class='ocrx_word' id='word_1_334' title='bbox 645 3872 736 3915; x_wconf 86' lang='lat' dir='ltr'>contra</span> <span class='ocrx_word' id='word_1_335' title='bbox 757 3866 854 3926; x_wconf 85' lang='lat' dir='ltr'>deum,</span> <span class='ocrx_word' id='word_1_336' title='bbox 874 3865 902 3914; x_wconf 91' lang='lat' dir='ltr'>in</span> <span class='ocrx_word' id='word_1_337' title='bbox 922 3864 1002 3915; x_wconf 81' lang='lat' dir='ltr'>variis</span> <span class='ocrx_word' id='word_1_338' title='bbox 1020 3863 1184 3930; x_wconf 84' lang='lat' dir='ltr'>temporibus</span> <span class='ocrx_word' id='word_1_339' title='bbox 1203 3872 1230 3914; x_wconf 87' lang='lat' dir='ltr'><strong><em>et</em></strong></span> <span class='ocrx_word' id='word_1_340' title='bbox 1249 3863 1317 3914; x_wconf 87' lang='lat' dir='ltr'>locis</span> <span class='ocrx_word' id='word_1_341' title='bbox 1337 3870 1364 3912; x_wconf 83' lang='lat' dir='ltr'><strong><em>et</em></strong></span> 
     </span>
     <span class='ocr_line' id='line_1_38' title="bbox 262 3928 1362 4002; baseline 0.001 -22"><span class='ocrx_word' id='word_1_342' title='bbox 262 3928 355 3993; x_wconf 86' lang='lat' dir='ltr'>rebus,</span> <span class='ocrx_word' id='word_1_343' title='bbox 374 3931 407 3982; x_wconf 85' lang='lat' dir='ltr'><strong><em>iis</em></strong></span> <span class='ocrx_word' id='word_1_344' title='bbox 427 3932 454 3982; x_wconf 91' lang='lat' dir='ltr'>in</span> <span class='ocrx_word' id='word_1_345' title='bbox 474 3935 556 3985; x_wconf 89' lang='lat' dir='ltr'>variis</span> <span class='ocrx_word' id='word_1_346' title='bbox 578 3934 700 3986; x_wconf 81' lang='lat' dir='ltr'>fortunae</span> <span class='ocrx_word' id='word_1_347' title='bbox 719 3935 823 3988; x_wconf 78' lang='lat' dir='ltr'>casibus</span> <span class='ocrx_word' id='word_1_348' title='bbox 843 3935 920 3986; x_wconf 81' lang='lat' dir='ltr'>affert</span> <span class='ocrx_word' id='word_1_349' title='bbox 945 3949 1066 4002; x_wconf 84' lang='lat' dir='ltr'>poenam.</span> <span class='ocrx_word' id='word_1_350' title='bbox 1104 3935 1151 3986; x_wconf 86' lang='lat' dir='ltr'>sed</span> <span class='ocrx_word' id='word_1_351' title='bbox 1173 3943 1261 3985; x_wconf 84' lang='lat' dir='ltr'>tamen</span> <span class='ocrx_word' id='word_1_352' title='bbox 1282 3933 1362 3985; x_wconf 82' lang='lat' dir='ltr'>Pala.</span> 
     </span>
     <span class='ocr_line' id='line_1_39' title="bbox 262 3999 1361 4079; baseline 0.005 -28"><span class='ocrx_word' id='word_1_353' title='bbox 262 4001 347 4054; x_wconf 87' lang='lat' dir='ltr'>micae</span> <span class='ocrx_word' id='word_1_354' title='bbox 367 3999 486 4054; x_wconf 86' lang='lat' dir='ltr'>haeresia</span> <span class='ocrx_word' id='word_1_355' title='bbox 510 4004 618 4056; x_wconf 79' lang='lat' dir='ltr'>fanatici</span> <span class='ocrx_word' id='word_1_356' title='bbox 644 4005 765 4058; x_wconf 83' lang='lat' dir='ltr'>asseclae</span> <span class='ocrx_word' id='word_1_357' title='bbox 793 4006 889 4069; x_wconf 67' lang='lat' dir='ltr'>obitus,</span> <span class='ocrx_word' id='word_1_358' title='bbox 899 4001 1051 4058; x_wconf 76' lang='lat' dir='ltr'>foeditatem</span> <span class='ocrx_word' id='word_1_359' title='bbox 1080 4012 1110 4058; x_wconf 86' lang='lat' dir='ltr'>ut</span> <span class='ocrx_word' id='word_1_360' title='bbox 1137 4006 1235 4057; x_wconf 87' lang='lat' dir='ltr'>dictum</span> <span class='ocrx_word' id='word_1_361' title='bbox 1256 4013 1298 4056; x_wconf 83' lang='lat' dir='ltr'>cst</span> <span class='ocrx_word' id='word_1_362' title='bbox 1309 4019 1361 4079; x_wconf 82' lang='lat' dir='ltr'>pro</span> 
     </span>
     <span class='ocr_line' id='line_1_40' title="bbox 263 4071 1362 4144; baseline 0.005 -22"><span class='ocrx_word' id='word_1_363' title='bbox 263 4071 366 4124; x_wconf 81' lang='lat' dir='ltr'>viribus</span> <span class='ocrx_word' id='word_1_364' title='bbox 388 4071 517 4142; x_wconf 82' lang='lat' dir='ltr'>obtegere</span> <span class='ocrx_word' id='word_1_365' title='bbox 538 4077 695 4141; x_wconf 79' lang='lat' dir='ltr'>studentes,</span> <span class='ocrx_word' id='word_1_366' title='bbox 711 4076 808 4130; x_wconf 85' lang='lat' dir='ltr'>multos</span> <span class='ocrx_word' id='word_1_367' title='bbox 826 4092 914 4128; x_wconf 83' lang='lat' dir='ltr'>suntor</span> <span class='ocrx_word' id='word_1_368' title='bbox 936 4075 1098 4143; x_wconf 82' lang='lat' dir='ltr'>praebebant</span> <span class='ocrx_word' id='word_1_369' title='bbox 1117 4076 1258 4130; x_wconf 84' lang='lat' dir='ltr'>nonnullis</span> <span class='ocrx_word' id='word_1_370' title='bbox 1276 4091 1362 4144; x_wconf 77' lang='lat' dir='ltr'>egeu-</span> 
     </span>
     <span class='ocr_line' id='line_1_41' title="bbox 263 4138 1362 4211; baseline 0.005 -19"><span class='ocrx_word' id='word_1_371' title='bbox 263 4138 328 4193; x_wconf 85' lang='lat' dir='ltr'>tium</span> <span class='ocrx_word' id='word_1_372' title='bbox 347 4145 375 4194; x_wconf 91' lang='lat' dir='ltr'>in</span> <span class='ocrx_word' id='word_1_373' title='bbox 395 4143 462 4196; x_wconf 85' lang='lat' dir='ltr'>vicis</span> <span class='ocrx_word' id='word_1_374' title='bbox 482 4153 687 4211; x_wconf 84' lang='lat' dir='ltr'>prostratorum,</span> <span class='ocrx_word' id='word_1_375' title='bbox 712 4156 742 4198; x_wconf 88' lang='lat' dir='ltr'>ut</span> <span class='ocrx_word' id='word_1_376' title='bbox 759 4147 897 4201; x_wconf 88' lang='lat' dir='ltr'>uobiscum</span> <span class='ocrx_word' id='word_1_377' title='bbox 927 4150 1155 4205; x_wconf 70' lang='lat' dir='ltr'>communicarunt</span> <span class='ocrx_word' id='word_1_378' title='bbox 1175 4147 1282 4200; x_wconf 82' lang='lat' dir='ltr'>litterae</span> <span class='ocrx_word' id='word_1_379' title='bbox 1301 4147 1362 4198; x_wconf 80' lang='lat' dir='ltr'>iaie</span> 
     </span>
     <span class='ocr_line' id='line_1_42' title="bbox 266 4213 1364 4291; baseline 0.01 -23"><span class='ocrx_word' id='word_1_380' title='bbox 266 4213 471 4291; x_wconf 59' lang='lat' dir='ltr'>uobis‘ailatae,</span> <span class='ocrx_word' id='word_1_381' title='bbox 490 4215 622 4286; x_wconf 81' lang='lat' dir='ltr'>simulque</span> <span class='ocrx_word' id='word_1_382' title='bbox 641 4219 771 4272; x_wconf 83' lang='lat' dir='ltr'>accedere</span> <span class='ocrx_word' id='word_1_383' title='bbox 792 4233 840 4274; x_wconf 87' lang='lat' dir='ltr'>eos</span> <span class='ocrx_word' id='word_1_384' title='bbox 857 4217 984 4277; x_wconf 80' lang='lat' dir='ltr'>iubebant</span> <span class='ocrx_word' id='word_1_385' title='bbox 1003 4217 1035 4272; x_wconf 84' lang='lat' dir='ltr'>ad</span> <span class='ocrx_word' id='word_1_386' title='bbox 1047 4218 1316 4287; x_wconf 74' lang='lat' dir='ltr'>Patami-sepulcrum</span> <span class='ocrx_word' id='word_1_387' title='bbox 1335 4224 1364 4268; x_wconf 69' lang='lat' dir='ltr'>ti</span> 
     </span>
    </p>
   </div>
   <div class='ocr_carea' id='block_1_4' title="bbox 0 0 1501 4916">
    <p class='ocr_par' dir='ltr' id='par_1_7' title="bbox 0 0 1501 4916">
     <span class='ocr_line' id='line_1_43' title="bbox 0 0 1501 4916; baseline 0 0"><span class='ocrx_word' id='word_1_388' title='bbox 0 0 1501 4916; x_wconf 95' lang='lat' dir='ltr'><strong><em> </em></strong></span> 
     </span>
    </p>
   </div>
  </div>
 </body>
</html>
