2880 4910
269 321 344 402 aot
409 397 413 400 ,
556 294 802 404 'alemanni
834 327 1062 402 encoenia

268 485 419 571 laetata
453 501 483 564 εἰ
504 495 564 581 γὰρ
591 497 735 582 α’λλὴλιον
757 491 880 586 ἄλληλα
902 491 1076 581 διαφέρει,
1098 493 1365 580 έστέρηταιιιᾰν-

135 605 329 672 λ143ι.τοος
353 597 496 682 ἀλλήλων
528 589 650 683 ἄλληλα
680 601 752 662 καθ’
784 593 802 660 d
835 600 1001 683 διαφέρει,
1030 596 1085 661 καί
1118 596 1235 678 γίνεται
1266 595 1364 661 δύνα-
1438 589 1439 592 “

269 725 322 781 μις
355 703 413 783 μὲν
436 691 556 784 ιῖσοφος
578 695 677 784 ’σοφέιι
707 702 737 763 δ’
758 697 937 784 α’δέναμος,
971 697 1027 762 καί
1054 695 1129 772 θεὸς
1162 688 1285 782 ὅσοφας
1314 692 1365 761 καί

270 797 445 882 α’δύναμος,
472 802 527 862 καί
550 798 601 863 αἰεὶ
620 799 699 865 κατὰ
721 797 774 866 τόν
794 793 902 879 ὅμοιον
930 795 1046 882 τρόπον
1069 794 1263 884 ἐστερημένοι
1286 793 1363 860 τιιὶν·
1438 811 1439 878 j

202 917 333 969 οιτον
357 897 482 966 ἅπαντα
509 903 564 964 καί
586 899 721 981 δεόμενα
745 901 889 984 α’λλὴλοιν
913 889 1045 982 ἄλληλα.
1090 901 1172 984 φησί
1189 899 1249 982 γάρ
1273 893 1328 961 καὶ
1347 892 1362 958 ὅ
1371 928 1385 979 5

268 997 415 1080 θεολόγος
427 1001 455 1063 Γ
454 998 601 1082 ριγγόριος
620 999 691 1075 “τι’ς
713 999 846 1075 ἀτελοῦς
867 1001 1013 1084 θεότητος
1029 991 1164 1083 iopam,-
1186 1003 1307 1079 μᾶλλον
1329 1000 1361 1062 δὲ

268 1105 313 1176 τίς
331 1101 446 1185 θεότης
469 1100 488 1184 ἡ
508 1097 551 1183 μὴ
574 1104 699 1182 τελειόι,Ι
723 1105 827 1166 τελεέα
849 1104 885 1166 δὲ
905 1103 971 1175 πῶς
994 1126 1012 1186 η
1035 1102 1135 1164 λειάει
1156 1125 1186 1165 τι
1210 1098 1290 1180 πρὸς
1313 1123 1363 1163 τε·

265 1202 408 1281 λεέοισινς
434 1206 533 1266 λειίιει
553 1204 588 1265 δὲ
619 1202 744 1277 πάντως
766 1199 811 1287 μὴ
835 1199 951 1290 ἐχούσῃ
974 1199 1009 1265 τὸ
1031 1196 1131 1284 ἅγιον.
1187 1200 1257 1286 ἔχοι
1282 1204 1309 1265 δ’
1327 1195 1363 1264 ἂν

270 1304 347 1380 πῶς,
368 1298 411 1387 μῆ
433 1305 523 1368 τοῦτο
547 1302 685 1387 ἔχουσας
709 1307 739 1368 εἰ
752 1302 813 1388 γὰρ
836 1293 916 1386 ἄλλη
934 1327 980 1379 τις
1002 1300 1088 1386 παρὰ
1114 1305 1207 1368 τοῦτο
1229 1303 1252 1385 ἦ
1277 1299 1363 1386 ἆγιό-
1438 1341 1439 1394 3

266 1428 332 1487 της,
356 1403 409 1468 sai
430 1402 519 1478 εἴτις
543 1401 624 1490 αὕτη
647 1414 776 1482 νοεῖται,
799 1409 923 1486 λεγέτω,
946 1404 1018 1480 τέξὶ
1040 1408 1120 1470 1ιιαί
1132 1403 1148 1467 ὃ
1171 1409 1275 1488 μέγας
1298 1408 1399 1479 Bac-10
1438 1433 1439 1486 ρ

237 1495 241 1504 ’
265 1508 383 1579 σιλειος
404 1503 458 1568 “ει’
483 1503 579 1589 φύσις
610 1500 720 1594 arico?
754 1504 852 1591 φησιν
879 1501 918 1568 “ὅ
942 1502 1100 1588 ἁγιασμὸς
1128 1501 1171 1581 οἷς
1191 1503 1294 1590 πατρὶ
1313 1507 1365 1568 xci

267 1599 336 1692 υἱῷ,
360 1607 427 1678 πῶς
453 1608 570 1688 τρίτης,
589 1607 658 1670 ἐστι’
689 1611 744 1671 κατ’
775 1607 945 1688 ἀλλοτρίας
985 1603 1152 1693 piceam?
1185 1608 1241 1670 καὶ
1272 1606 1362 1670 πάλιν

261 1703 427 1787 “clyditis’'
455 1705 537 1790 φησί
563 1703 618 1770 “ati
643 1712 768 1787 πνεῦμα
794 1705 836 1781 ὥς
855 1706 1010 1790 οἶγαθὸςό
1035 1704 1136 1792 πατὴρ
1166 1710 1222 1772 καί
1244 1704 1362 1791 dread<

268 1802 340 1868 ὅέκ
360 1807 416 1872 τοῦ
450 1805 576 1887 σῖγαθυῦ
608 1812 792 1900 γεννηθεις,
823 1809 935 1872 ου’σιόν
957 1806 1039 1893 ἔχων
1065 1805 1122 1892 τὴν
1144 1807 1362 1892 dyadema?

203 1905 346 1994 ῃὸρρῖς.
366 1908 433 1980 ιιιός
456 1902 517 1988 οὐχ
538 1909 646 1992 ἕτερον
680 1908 862 1993 τῆςιυὶτιλῆς
895 1911 950 1972 καί
973 1914 1062 1984 θείας
1096 1909 1208 1983 ου’σιάς
1238 1906 1396 1991 dyadema

267 2009 323 2072 καί
342 2006 503 2092 οἶγιιθότιγς
538 2013 592 2074 καί
625 2012 767 2092 ἐνέργεια
800 2009 856 2073 καί
883 2008 1098 2090 τὰτοιαῦτα,
1130 2005 1209 2074 α’λλοὶ
1236 2005 1361 2073 cedria.

233 2113 235 2116 ’
267 2106 343 2174 ilari
363 2111 479 2194 τοίνυν,
503 2103 530 2174 ω’
551 2115 638 2176 narsi
661 2109 811 2194 θεολόγε,
834 2113 897 2174 τοῖν
929 2111 1083 2193 despiceris
1114 2109 1270 2194 ὁποτέραν
1293 2111 1362 2173 ἑθέ-

267 2219 340 2286 λεις.
384 2211 497 2286 dorla<
517 2209 576 2295 γὰρ
600 2209 656 2275 καὶ
675 2212 848 2287 πολυθεΐος
880 2209 917 2276 τά
945 2215 1061 2276 τοιαῦα
1087 2217 1178 2298 φέρει
1209 2236 1261 2276 σοι
1290 2236 1363 2294 κρη-

268 2309 355 2396 μνόν,
380 2308 433 2375 ὑπ’
456 2312 601 2395 ἀλλήλων
618 2311 806 2396 ἐλεγχόμενα
825 2315 879 2377 κατ’
900 2313 965 2376 κατ’
985 2314 1129 2397 ἀλλήλων
1144 2311 1360 2390 στασιάζοντα.

262 2412 302 2478 ,τὸ
326 2410 463 2496 μὲνγὰρ
490 2408 598 2477 ἄνισον
628 2412 662 2477 ἐν
694 2422 759 2489 τοῖς
781 2418 905 2488 πολλοῖς
928 2415 1049 2496 ἐλέγχει
1077 2410 1112 2476 τὸ
1135 2413 1292 2498 διάφορον
1314 2413 1395 2496 saiw

97 2569 101 2574 .
181 2574 187 2580 .
271 2508 455 2593 ιῖσέμβαγον
475 2514 531 2595 τῆς
554 2513 745 2589 πολυθεΐιις·
767 2512 785 2596 ἡ
809 2515 844 2576 δὲ
866 2515 1021 2579 πολυθεΐα
1053 2513 1190 2598 συμφυᾶ
1213 2509 1271 2596 τὴν
1294 2512 1361 2574 δια-

270 2822 430 2892 provenient
448 2837 559 2876 numero
580 2821 663 2888 duali,
682 2824 747 2875 deus
763 2823 898 2876 increatus
923 2830 950 2875 et
968 2820 1089 2876 visibilis
1111 2819 1257 2874 secundnm
1275 2827 1317 2883 te,
1335 2820 1358 2868 et

271 2895 401 2964 quomodo
429 2894 504 2947 malti
524 2895 568 2946 dei
587 2894 632 2959 hi,
657 2897 703 2962 qui
728 2896 928 2946 consociatione
951 2897 988 2947 ita
1007 2895 1153 2962 procedant
1170 2907 1277 2960 semper
1296 2904 1357 2941 con-

270 2975 341 3020 stent
362 2966 608 3034 cumimperlecto,
629 2966 726 3017 etenim
746 2967 769 3018 si
788 2967 875 3017 omnia
893 2967 963 3018 inter
988 2982 1018 3018 se
1037 2965 1170 3028 differunt,
1191 2963 1283 3016 orbata
1301 2965 1357 3012 sunt

269 3055 299 3092 se
322 3038 487 3090 invicemilla
512 3038 582 3106 quod
609 3038 641 3088 ad
659 3037 834 3100 differentiam
856 3038 965 3101 attinet,
998 3045 1024 3089 ot
1051 3037 1141 3089 evadit
1163 3037 1205 3087 vis
1225 3034 1356 3100 insipiens,

168 3139 171 3146 ·
270 3112 401 3177 sapientia
420 3111 523 3162 inlirma
548 3117 575 3161 et
601 3109 666 3160 deus
684 3109 815 3174 insipiens
844 3117 870 3159 et
893 3109 1026 3172 infirmus,
1048 3116 1076 3160 et
1093 3121 1199 3173 semper
1217 3105 1297 3158 simili
1316 3117 1355 3153 ra-

268 3186 341 3234 tione
361 3181 425 3236 orba
451 3181 573 3232 omnibus
592 3181 698 3243 omnia,
719 3187 745 3230 et
770 3181 888 3231 carentia
915 3179 1088 3231 seinvicem.
1133 3179 1170 3228 ait
1196 3178 1264 3230 enim
1283 3175 1355 3226 etiam

270 3255 414 3320 Gregorius
435 3251 594 3318 theologus:
617 3266 685 3318 quae
703 3250 850 3303 divinitatis
868 3250 1041 3317 imperfectae
1064 3249 1175 3312 utilitas,
1195 3250 1255 3300 sive
1274 3245 1355 3312 potins

269 3339 338 3392 quae
371 3331 412 3376 est
430 3322 571 3384 divinitas,
597 3337 665 3389 qnae
688 3336 742 3373 non
761 3322 795 3373 sit
814 3322 948 3388 perlecta,
974 3321 1094 3387 perlecta
1123 3328 1211 3372 autem
1230 3314 1353 3386 quomodo

270 3410 329 3446 esse
347 3400 446 3460 potest,
466 3393 508 3444 cui
528 3392 597 3443 desit
614 3393 722 3460 aliquid
741 3394 777 3444 ad
793 3390 1009 3458 perlectionem?
1052 3393 1130 3444 deest
1149 3398 1237 3442 autem
1255 3386 1353 3438 omnino

269 3479 322 3517 non
342 3465 449 3516 habenti
468 3471 597 3526 sanctam,
616 3463 747 3531 quomodo
767 3471 854 3514 autern
872 3462 985 3527 habeat,
1003 3463 1026 3515 si
1044 3462 1096 3514 hoc
1115 3477 1168 3514 non
1188 3457 1289 3512 habet?
1316 3463 1354 3506 et-

270 3537 340 3588 enim
358 3537 381 3589 si
398 3534 452 3586 alia
476 3543 556 3602 atque
575 3535 626 3585 lroc
646 3542 686 3586 est
706 3536 845 3598 sanctitas,
874 3550 906 3585 ac
933 3536 1027 3602 siqua
1047 3549 1078 3585 ea
1097 3535 1248 3601 cogitatur,
1269 3528 1353 3587 dicito,

270 3623 348 3676 quae.
385 3614 412 3658 et
437 3621 546 3674 magnus
565 3605 696 3669 Basilius,
721 3607 743 3657 si
772 3605 946 3657 sanctificatio
967 3608 1007 3668 ei,
1033 3605 1139 3672 inquit,
1164 3610 1205 3656 est
1222 3609 1313 3654 natura
1328 3601 1354 3645 ul

269 3680 337 3746 patri
357 3686 385 3730 et
402 3677 468 3741 lilio,
488 3677 619 3744 quomodo
638 3678 734 3728 tertiae
754 3684 794 3728 est
812 3684 838 3727 et
856 3677 963 3728 alienae
981 3673 1114 3727 naturae?
1141 3683 1168 3726 et
1188 3685 1290 3734 rursus,
1307 3667 1352 3718 bo·

268 3765 318 3801 nus
338 3757 387 3814 est,
407 3749 502 3816 inquit,
524 3749 632 3814 spiritns
651 3755 679 3799 ut
697 3745 782 3799 bonus
801 3755 877 3814 pater
902 3755 929 3799 et
946 3747 1031 3800 bonus
1055 3748 1079 3798 is
1100 3747 1144 3814 qni
1167 3761 1201 3795 ex
1218 3743 1287 3794 bono
1307 3752 1353 3821 ge-

171 3827 173 3833 '
268 3829 377 3873 aeratus
397 3828 455 3882 est,
475 3821 617 3871 essentiam
636 3818 736 3869 habens
755 3819 909 3870 honitatem.
947 3819 1022 3870 vides
1038 3831 1092 3868 non
1111 3819 1242 3869 diversam
1261 3829 1276 3864 a
1294 3823 1352 3861 srm-

269 3891 334 3958 plici
364 3899 391 3942 et
408 3891 499 3942 divina
517 3892 634 3941 essentia
660 3903 720 3941 esse
738 3890 904 3942 sanctitatem
932 3896 960 3940 et
977 3889 1121 3942 bonitatem
1145 3895 1172 3937 et
1192 3882 1352 3938 efficientiam

271 3971 298 4015 et
316 3961 388 4026 talia,
409 3962 456 4014 sed
475 3961 594 4013 eandem.
633 3960 705 4028 elige
725 3961 807 4029 igitur
828 3969 933 4025 utrum,
953 3975 968 4011 o
989 3959 1117 4027 theologe
1135 3971 1217 4020 nove,
1236 3952 1352 4034 impieta·

265 4043 323 4086 tem
342 4033 437 4096 malis;
456 4032 522 4085 talia
541 4034 626 4095 eniin,
652 4047 701 4097 per
719 4046 749 4082 se
768 4032 884 4083 invicem
909 4034 1013 4082 detecta
1033 4039 1059 4082 et
1087 4037 1181 4080 contra
1198 4043 1227 4080 se
1244 4026 1351 4076 invicem

270 4104 415 4173 pugnantia
440 4103 489 4155 tibi
514 4103 628 4155 afferant
655 4102 807 4154 barathrum
832 4104 962 4170 dogmatis
988 4101 1088 4153 nullius
1113 4101 1157 4152 dei
1177 4106 1203 4150 et
1220 4094 1351 4173 multoniam

265 4178 387 4248 deorum.
425 4174 554 4228 dissimile
576 4173 691 4225 enimin
710 4173 831 4239 plurimis
857 4175 960 4242 detegit
982 4174 1164 4226 diversitatem
1183 4177 1211 4221 et
1229 4167 1368 4220 dissocia-⁴

265 4249 369 4306 tionem
387 4247 538 4316 multorum,
558 4247 654 4315 dogma
672 4251 760 4298 autem
777 4245 919 4304 multorum
936 4246 1047 4302 deornm
1065 4259 1125 4300 cnm
1143 4245 1289 4300 concretam
1306 4232 1350 4286 ha-
