2992 4916
179 367 399 438 ursnoamn
425 361 684 441 nmlununa
701 373 852 440 xxxva.
872 351 1059 438 te-ts.
1119 357 1190 434 555

96 534 237 620 ρυηιιότοι
256 536 313 603 καί
335 534 558 620 ἀποβλόσαντα
581 537 719 620 θολερᾶς
750 534 805 600 καί
826 535 942 618 πικρός
963 535 1018 616 τῆς
1038 533 1102 596 ταῖν
1123 529 1192 595 τότε

96 635 262 720 ἀρχόντων
281 640 477 722 τυραννίδος,
500 634 539 722 ἥν
559 660 593 702 τε
615 635 695 701 κατὰ
714 640 771 720 τῆς
793 634 960 717 βασιλείας
981 634 1037 698 καί
1053 631 1091 718 ἣν
1112 629 1193 696 κατά

94 740 159 802 τῶν
181 739 280 803 θείων
302 737 466 823 δογμάτων
499 737 686 822 ἐπήνεγκαν,
721 739 866 820 χειμῶνα
896 736 952 799 καί
981 731 1120 818 διωγμόν
1139 730 1193 798 τόν

95 837 278 924 βαρύτατον
300 840 477 925 ἐγείραντες
492 838 573 903 κατὰ
589 837 705 914 παντός
731 838 870 924 ἀγαθοῦ·
916 839 955 902 δι’
979 833 1015 900 δν
1035 834 1090 901 καί
1110 831 1193 910 θεός,

72 931 200 1024 δοῖμιιι,
221 939 278 1026 την
297 935 414 1005 ἑαυτοῦ
433 939 611 1005 συνέστειλε
633 938 794 1026 πρόνοιαν.
837 937 1008 1002 κάντεῦθεν
1030 935 1115 1001 ἀπαν
1136 935 1195 1018 μὲν
1268 987 1285 1027 ¹.
1317 983 1322 988 .

97 1043 249 1118 παιδειάς
273 1043 456 1127 ἔξελήλαται
475 1035 559 1118 εἶδος
579 1042 635 1106 καί
659 1040 889 1124 ἀντέπραττον
918 1035 998 1125 πρός
1016 1037 1196 1104 τούναντίον

99 1140 198 1227 ἀρετὴ
220 1143 276 1208 καί
298 1141 393 1218 εἴτις
414 1131 542 1220 Ιἔπαινος
564 1143 701 1228 ἀγαθοῦ·
735 1142 791 1205 καί
814 1141 992 1206 ἐπεπόλασε
1015 1136 1095 1202 κατά
1116 1138 1195 1200 πάν-

97 1265 163 1308 των
186 1242 303 1323 σχεδόν
325 1242 515 1326 Ῥωμαίων,
552 1241 624 1308 δ’σοι
655 1245 709 1326 τῆς
738 1241 811 1318 νέας
844 1241 906 1306 εἶσί
931 1239 1108 1315 πολιτείας,
1130 1234 1196 1322 ἤθη

99 1340 197 1407 καινά
217 1344 272 1408 καί
295 1341 448 1408 ἀλλόκοτα
471 1343 527 1408 καί
549 1342 676 1430 οὐδαμῇ
707 1346 762 1426 τῆς
783 1342 859 1428 πρίν
879 1340 1047 1424 βασιλικῆς
1077 1337 1196 1420 ἐκείνης

58 1445 156 1513 lbani
178 1448 340 1529 πολιτικῆς
362 1445 520 1520 συνέσεως
540 1445 595 1510 καί
615 1444 763 1520 παιδείας
782 1442 837 1506 καί
858 1441 1012 1518 εὐταξίας.
1055 1439 1136 1512 τίδ’
1159 1433 1261 1502 ἄνη

97 1570 146 1621 τις
170 1545 251 1632 φαίη
271 1546 325 1610 καί
347 1547 422 1631 περὶ
443 1547 505 1609 τῶν
528 1548 727 1629 ἐνδυμάτων,
750 1542 891 1624 όσα,κάν
913 1543 1035 1618 τοότοις
1056 1563 1197 1626 παρηνο-

96 1647 199 1732 μήθη,
221 1648 277 1711 καί
298 1644 385 1722 δ’πως
405 1647 623 1712 ἑκτετόπισται
644 1649 700 1710 τοῦ
731 1645 893 1731 γνωρίμου
915 1642 1022 1707 τεκαὶ
1041 1641 1198 1726 νυνήθηκε

98 1747 254 1825 πολιτεία,
275 1745 319 1824 οἷς
339 1749 422 1832 μηδὲ
443 1748 658 1833 γινώσκεσθαι
679 1745 727 1812 ἔτι
750 1744 837 1821 ὅστις
853 1743 1022 1827 Ῥωμαίων
1038 1744 1093 1808 καί
1113 1741 1199 1818 όστις

96 1848 160 1912 τῶν
185 1842 287 1923 ἄλλως
310 1849 448 1929 ἑχόντων
469 1846 583 1933 γἐνιόν·
638 1842 709 1912 οὔτε
735 1845 796 1932 γάρ
819 1846 969 1931 Περσική
994 1869 1042 1920 τις
1064 1839 1199 1928 ἄκρατος

57 1947 120 2032 1ϋῆ
142 1945 238 2031 στολὴ
256 1947 380 2034 γέγονεν
401 1947 462 2034 ἤδη
492 1946 683 2032 Ῥωμαίοις,
707 1942 776 2013 οὔτε
799 1944 956 2030 Λατινικη
977 1945 1105 2021 τελέως,
1129 1939 1199 2008 οὔτε

97 2049 162 2132 μήν
183 2073 231 2123 τις
251 2049 282 2112 Γ
283 2048 392 2133 οτθικὴ
424 2050 596 2127 καθάπαξ,
623 2044 693 2112 οότε
715 2046 812 2124 εἴτις
837 2049 1026 2131 Τριβαλλῶν
1053 2045 1108 2108 καί
1132 2041 1198 2126 ἅμα

98 2151 231 2214 Μυσῶν
253 2149 308 2213 καί
328 2149 499 2214 Παιόνων·
546 2149 613 2213 ἀλλ’
636 2151 670 2214 ἐκ
693 2151 804 2214 πασῶν
828 2146 863 2224 τὸ
887 2146 941 2210 διά
963 2148 1075 2210 πασῶν
1099 2147 1199 2208 εἰπεῖν

89 2252 154 2332 τῆς
176 2253 332 2334 μουσικῆς
354 2253 472 2336 ἐκείνης
495 2249 650 2336 ἁρμονίας
671 2251 727 2315 καί
750 2251 863 2335 ἀρετῆς
882 2248 935 2313 ἐπὶ
956 2249 1018 2311 τεόν
1038 2245 1199 2331 ἡμετέρων

103 2349 339 2435 ἀντέστραπται
354 2352 483 2438 χρόνων
503 2355 536 2427 ἐς
558 2349 645 2417 ἀπαν
666 2351 845 2416 τούναντίον
866 2356 971 2434 μίγμα
993 2349 1048 2412 καὶ
1070 2346 1198 2434 συμφό-

52 2472 206 2536 ηηρημα·
236 2453 291 2516 καί
315 2451 441 2537 δρῶμεν
463 2456 525 2517 τῶν
547 2452 642 2539 ἱερσῖν
665 2452 844 2537 περιβόλων
865 2447 942 2514 εἴσω
964 2447 1035 2525 τοὺς
1058 2451 1120 2512 τῶν
1144 2449 1199 2534 φί-

100 2558 168 2615 λων
190 2554 309 2628 παῖδας
329 2552 384 2638 την
404 2555 463 2637 μὲν
484 2556 626 2640 κεφαλὴν
647 2552 788 2629 ἐοικότας
805 2552 967 2629 Λατίνοις,
990 2549 1025 2614 τό
1049 2551 1084 2614 δὲ
1105 2551 1201 2633 στόμα

102 2653 171 2714 πᾶν
192 2657 350 2738 περσικσῖς
370 2677 404 2719 τε
425 2654 480 2719 καὶ
500 2657 642 2739 μηδικῶς
665 2652 870 2737 ἐσταλμένον,
891 2652 947 2716 καί
966 2651 1146 2716 τούναντίον
1169 2653 1201 2726 ἐς

100 2750 158 2836 τὴν
179 2749 351 2840 ἀστεραίαν
370 2753 443 2832 τοὺς
464 2753 578 2832 αὐτοὺς
608 2758 666 2821 νόν
686 2756 745 2839 μὲν
768 2750 872 2830 ἄλλως
892 2739 954 2818 νόί
969 2753 997 2818 δ’
1023 2747 1128 2828 ἄλλως
1145 2753 1201 2816 νῦν

100 3062 225 3133 profluxa
244 3071 271 3115 et
291 3064 410 3132 profusa,
427 3081 503 3134 quam
521 3065 664 3117 secundnm
683 3065 777 3134 regiae
794 3064 935 3132 potcstatis
956 3071 983 3115 et
1001 3067 1107 3115 sanctas
1126 3061 1201 3131 leges

102 3134 282 3198 tradiderant3
317 3143 501 3203 tempestatem
527 3145 554 3189 ct
578 3137 754 3188 calamitatem
787 3137 970 3204 gravissimam
997 3135 1145 3186 excitantes
1173 3136 1200 3186 in

104 3222 238 3276 quemque
259 3205 373 3272 bonnm,
404 3224 456 3275 qno
476 3209 541 3260 deus
561 3215 589 3258 ut
610 3223 661 3276 ego
681 3209 777 3273 opinor
796 3207 989 3274 providentiam
1010 3220 1082 3258 snam
1102 3203 1201 3272 proba.

103 3279 154 3332 vit.
193 3293 244 3346 qua
266 3293 344 3330 omne
363 3279 522 3346 disciplinae
542 3294 627 3347 genas
647 3279 777 3330 sublatum
801 3286 841 3329 cst
861 3287 887 3328 et
906 3278 933 3328 in
953 3277 1113 3328 contrarium
1134 3291 1201 3327 con.

104 3363 184 3403 versa
207 3357 247 3400 cst
268 3351 352 3402 virtus
383 3358 409 3401 et
428 3366 506 3401 omne
525 3349 588 3402 boni
608 3351 744 3412 meritam;
774 3357 801 3400 et
830 3347 1000 3400 invenitilla
1019 3351 1090 3399 inter
1110 3363 1202 3398 omnes

104 3423 164 3474 iera
185 3422 318 3472 llomanos
337 3429 466 3489 quotquot
485 3429 545 3474 sunt
562 3435 650 3472 novae
668 3421 797 3485 civitatis,
815 3435 904 3472 mores
922 3435 1009 3470 novos
1031 3427 1058 3470 ct
1077 3420 1202 3486 peregri.

104 3507 159 3545 nos
180 3499 207 3542 ct
236 3506 251 3541 a
276 3493 388 3558 pristina
412 3494 481 3561 regii
509 3493 613 3559 imperii
639 3501 666 3544 ct
690 3508 778 3544 rerum
806 3491 1041 3544 administrationis
1070 3491 1203 3556 sapientia

104 3577 215 3631 prorsus
235 3562 349 3614 alienos.
387 3566 448 3631 qnid
469 3572 555 3615 autem
573 3565 712 3616 dicendam
734 3565 767 3616 de
781 3565 958 3626 vestimentis,
976 3579 1053 3630 quarn
1074 3562 1156 3613 multa
1175 3563 1203 3613 in

107 3636 150 3686 his
173 3635 252 3684 etiam
271 3642 364 3686 contra
383 3637 600 3686 consuetudinem
615 3643 713 3686 mutata
731 3637 794 3698 sint,
814 3643 840 3685 et
860 3633 992 3702 quomodo
1013 3635 1130 3684 exomni
1149 3648 1202 3683 no.

106 3706 167 3758 titia
189 3713 290 3756 remota
309 3714 336 3756 et
352 3715 449 3758 novata
470 3709 505 3757 sit
523 3706 685 3772 respublica,
704 3714 805 3756 utnon
823 3707 874 3755 iarn
894 3705 1022 3772 cognosci
1041 3705 1125 3770 possit
1142 3705 1201 3770 quis

107 3793 123 3827 c
141 3776 266 3828 Romanis
284 3777 319 3830 sit
337 3779 396 3845 quis
417 3794 449 3828 ex
472 3776 524 3828 alia
543 3785 633 3844 gente.
670 3792 759 3843 neque
780 3777 848 3825 enirn
872 3791 953 3841 purus
972 3773 1094 3825 Persicus
1115 3773 1201 3826 cultus

105 3863 122 3898 a
143 3847 268 3898 llomanis
287 3855 412 3914 receptas
432 3856 491 3911 cst,
518 3863 606 3914 neque
625 3862 706 3914 purus
727 3847 850 3908 Latinas,
878 3860 967 3914 ncqnc
988 3844 1131 3908 Gothicus3
1149 3861 1201 3896 ne.

106 3933 160 3986 qne
178 3918 201 3970 si
222 3919 281 3985 quis
303 3919 478 3971 Triballorum
504 3918 548 3969 vel
568 3920 700 3984 llysorum
728 3917 772 3968 vel
792 3916 935 3968 Paeonum.
982 3917 1028 3968 sed
1049 3919 1201 3983 promiscae

108 4005 143 4040 ex
162 3990 285 4054 omnibus
308 3997 337 4040 ut
356 3991 447 4040 dicunt
465 3991 559 4040 musici
580 3989 646 4040 illud
666 3996 811 4040 concentus
830 3995 856 4038 et
875 3989 986 4040 allectus
1005 4002 1020 4038 a
1038 3988 1200 4040 nostratibus

106 4073 267 4112 conversum
288 4067 314 4112 ct
333 4062 360 4112 in
380 4077 487 4127 prorsus
508 4061 667 4112 contrarium
688 4062 855 4112 commixtum
876 4068 903 4111 et
925 4063 952 4112 in
972 4060 1135 4127 congeriem.
1175 4065 1202 4110 et

105 4132 228 4184 ridemus
247 4131 316 4184 intra
341 4147 431 4184 sacros
449 4146 538 4184 maros
566 4133 709 4182 amicorum
728 4131 799 4184 lilios
819 4139 898 4198 caput
929 4133 1034 4200 quidem
1053 4128 1202 4181 relerentes
1265 4161 1268 4174 .

105 4203 278 4268 Latinorum,
298 4219 394 4271 corpus
422 4219 487 4255 vero
506 4211 589 4256 totum
608 4201 746 4253 Persarum
770 4203 815 4255 val
835 4203 968 4256 umorum
988 4217 1062 4254 more
1081 4207 1206 4250 ornatum

106 4281 158 4328 est.
194 4287 286 4328 rursus
313 4284 400 4340 autam
419 4275 526 4330 eoadem
545 4275 630 4328 altero
656 4274 699 4326 dic
718 4275 795 4330 morlo
822 4275 892 4328 bunc
909 4275 988 4332 modo
1006 4271 1083 4326 illum
1100 4285 1201 4324 morem
