2926 4906
287 309 362 392 444
586 325 810 396 nrcsnnom
840 325 1071 396 careonis

288 492 378 553 θεῖον
399 489 498 554 εἰπεῖν
517 489 703 568 Διονόσιον,
728 489 761 555 αἱ
783 491 938 575 μυστικοό
966 493 1030 555 ταῖν
1052 488 1169 574 λογίων
1189 483 1376 572 παραδόσεις

288 591 344 654 καὶ
365 587 408 666 οἷς
430 593 500 676 φῶς
522 591 756 656 ἀναπλάττουσι
776 594 832 656 καὶ
856 591 940 676 ζωὴν
963 591 1188 656 ἀποκαλοῦσιν.

250 697 279 750 Ι
380 689 450 754 Ὅτι
468 692 529 772 μὲν
557 686 614 754 οόν
637 691 692 756 διά
724 692 895 774 συμβόλων
922 691 978 756 καί
1000 692 1106 755 τύπων
1137 691 1325 770 σωματικῶν
1344 685 1374 749 οὐ

287 791 384 873 μόνον
416 788 435 856 ό
466 791 541 867 θεὸς
562 789 673 876 όμιλεῖ
698 800 764 869 τοῖς
776 794 988 878 ἀνθρώποις,
1020 789 1101 855 ἀλλά
1133 791 1188 855 καὶ
1208 790 1237 852 οῖ
1261 784 1373 872 ἄγγελοι

286 891 404 973 κτίσμα
425 887 529 968 ὄντες,
551 890 678 976 εἴρηταί
692 917 727 956 τε
755 893 810 957 καί
839 896 895 957 νῦν
916 893 1010 956 πόλιν
1034 889 1088 954 διά
1119 889 1271 975 βραχέων
1291 889 1391 971 ἐροῦ-5

285 1013 355 1073 μεν.
398 991 480 1076 φησί
505 991 567 1078 γάρ
598 990 617 1056 δ
637 991 738 1078 μέγας
771 991 868 1069 εὐθὺς
888 992 1056 1066 Διονύσιος
1074 989 1117 1066 οἷς
1139 990 1195 1055 καί
1214 987 1272 1063 τὰς
1293 989 1373 1062 θείας

287 1088 417 1176 ὁράσεις
439 1089 468 1155 οἱ
489 1093 607 1158 κλεινοό
636 1093 770 1178 πατέρες
798 1091 890 1177 ἡμῶν
916 1095 1070 1175 ἕμυοῦντο
1105 1089 1160 1154 διδ
1187 1089 1297 1170 μέσων
1320 1091 1373 1152 τῶν

287 1175 445 1275 οὐρανίων
490 1192 665 1273 δυνάμεων.
723 1193 779 1256 καί
814 1191 870 1276 τὴν
903 1190 993 1275 ἱερόν
1027 1193 1085 1254 τοῦ
1121 1190 1221 1272 νόμου
1263 1191 1374 1268 θεσμο-

285 1292 401 1357 θεσίαν
425 1293 465 1354 δι’
491 1292 642 1376 ἀγγέλων.
664 1294 709 1368 εἷς
740 1292 825 1377 ἡμᾶς
859 1295 1029 1378 προελθεῖν
1057 1291 1202 1355 διδάσκει
1229 1284 1373 1374 σαφῶςῆ

287 1394 437 1478 θεολογία
460 1389 503 1468 οἷς
523 1395 578 1476 τῆς
602 1397 805 1478 θεωννμικῆς
825 1396 944 1472 τάξεως
966 1394 1066 1456 ἐκεῖνο
1086 1389 1326 1474 νομοθετοόσης,
1343 1385 1371 1450 τό
1380 1409 1403 1463 10

153 1496 173 1552 4.
185 1497 239 1553 2³⁷
249 1485 274 1552 s'.
287 1491 342 1556 διά
364 1497 427 1557 τῶν
450 1493 585 1577 πρώτων
604 1493 645 1558 τὰ
667 1492 799 1580 δεύτερα
821 1493 901 1579 πρός
921 1493 956 1558 τό
988 1485 1077 1557 θεῖον
1101 1492 1289 1577 ἀνάγεσθαι.
1328 1488 1373 1552 καί
1448 1559 1449 1568 ¹

285 1595 326 1678 τῇ
348 1592 499 1678 παρθένῳ
524 1596 558 1658 δὲ
577 1593 613 1658 τό
636 1598 725 1659 θεῖον
756 1597 932 1678 μυστήριον
953 1589 1082 1678 ἀγγελος
1108 1587 1148 1675 ἦν
1170 1590 1307 1672 κομίσας
1328 1588 1371 1652 ἀν-

291 1693 444 1779 θρωπίνῳ
467 1693 554 1780 τόπῳ
579 1695 634 1759 καί
654 1695 804 1778 σχήματι.
845 1697 985 1770 καὶτοῖς
1011 1693 1158 1777 ποιμέσιν
1178 1689 1308 1776 ἄγγελος
1326 1713 1373 1751 κυ-

289 1794 360 1880 ριόυ
390 1794 460 1858 τότε
484 1796 583 1912 ρησόν
614 1795 729 1880 ἐπέστη
735 1845 744 1873 ,
767 1796 823 1860 καί
845 1797 921 1874 δόξα
949 1796 1064 1880 κυρίου
1086 1794 1308 1879 περιέλαμψεν
1326 1787 1374 1852 mi·
1448 1831 1449 1856 ι

221 1893 368 1970 nocie.
391 1919 445 1958 και
468 1893 523 1958 τόν
545 1897 585 1958 δι’
603 1894 742 1979 ἀγγέλων
763 1894 955 2021 λαλοόμενογ
975 1896 1067 1978 λόγον
1086 1893 1234 1977 γινεσθαι
1256 1891 1449 1972 {lipianum

288 1995 461 2098 ἀκοόομεν
504 1994 561 2071 τὰς
579 1994 642 2080 γὰρ
665 1993 819 2071 ἀόλους“
806 1996 979 2082 ιεραρχίας
1014 1992 1137 2068 δλαιόις
1165 1993 1313 2074 σχήμασι
1331 2014 1370 2052 κοι

286 2119 508 2222 μρρφωτικαις
531 2095 704 2160 συνθέσεοι
726 2098 954 2162 διαποικιλασα
972 2090 1247 2178 παραδέδωκεν“
1225 2120 1246 2175 η
1268 2095 1369 2158 Διονυ-

286 2196 358 2261 σίου
378 2199 435 2260 τοῦ
456 2197 547 2260 θείου
570 2195 700 2277 βίβλος·
744 2195 782 2258 ori
800 2195 862 2281 γὰρ
886 2196 1020 2261 δυνατόν
1038 2220 1170 2280 φησι
1134 2195 1180 2258 nri
1201 2189 1324 2255 καθ’ι
1304 2191 1374 2274 ημᾶς
1448 2231 1449 2278 i

284 2297 332 2381 νιγῖ
355 2293 437 2382 πρός
457 2294 514 2378 τίμ
540 2291 636 2358 cliton
659 2293 780 2378 έκεινην
804 2295 1002 2378 ἀναταθῆναι
1017 2297 1080 2358 τοῖν
1100 2288 1286 2375 οὐρανίων(
1275 2312 1373 2372 ιεραρ-

284 2399 367 2476 χοῶν
398 2395 534 2478 μίμησίν
556 2417 590 2456 τε
624 2395 679 2458 καί
713 2395 873 2478 θεωρίαν,
897 2397 926 2458 εἰ
948 2393 993 2478 μὴ
1020 2396 1061 2480 τῇ
1081 2398 1148 2456 κατ)
1173 2389 1270 2455 αὐτόν
1291 2386 1405 2472 δλαίᾳγο

283 2495 482 2582 χειραγωγίρι
503 2494 672 2579 χρήσαιτο.
725 2494 928 2581 λειτουργικὰ
958 2493 1020 2580 γὰρ
1043 2493 1073 2558 οἱ
1096 2489 1222 2578 ἀγγελοι
1234 2539 1244 2567 ,
1280 2486 1369 2574 φησίν,
1448 2549 1449 2556 ,

221 2613 224 2620 ’
287 2594 350 2658 εἰσί
373 2593 544 2677 πνεύματα,
562 2591 643 2680 πρός
665 2596 827 2659 διακονίαν
850 2595 1116 2677 ἀποστελλόμενα.
1158 2590 1214 2655 καὶ
1233 2591 1278 2675 τρῖ
1297 2589 1366 2669 Χρι-

286 2697 352 2782 οτιό
377 2695 412 2759 δὲ
434 2689 560 2781 ἀγγελοι
583 2695 769 2779 διηκόνουν,
801 2695 899 2782 φησίν
929 2693 951 2779 ἦ
978 2694 1098 2780 γραφή.
1154 2693 1209 2760 καί
1235 2689 1370 2775 ἀγγέλους

357 2864 382 2915 4.
401 2863 452 2916 τοῦ
472 2862 556 2934 ἁγίου
573 2867 728 2921 Διονυσίου
747 2865 777 2920 ἐκ
801 2863 853 2918 τοῦ
870 2867 936 2933 napi
956 2865 1004 2932 vis
1022 2862 1156 2935 οόριινίου
1174 2861 1320 2932 ἱεραρχίιιε
1337 2873 1373 2911 tt·
1448 2899 1449 2924 r

357 2936 486 3004 ‹poinioo
504 2934 630 3006 προλεον.
1223 3017 1225 3022 Ι
1277 3016 1279 3018 p

281 3096 337 3202 cop
361 3072 551 3133 sententiarum
574 3081 731 3134 traditiones
761 3069 884 3149 tanpnam
909 3079 1009 3132 lumina
1029 3077 1188 3131 collustrant
1207 3085 1236 3128 ct
1252 3077 1334 3129 risam
1348 3076 1375 3127 iis
1448 3071 1449 3086 ¹

285 3152 319 3204 tri
338 3159 414 3204 nunt.

384 3245 412 3298 Si
431 3246 536 3314 quidem
555 3247 683 3314 symbolis
704 3254 730 3300 et
743 3246 835 3298 formis
855 3247 993 3313 corporeis
1011 3259 1066 3298 non
1086 3245 1171 3296 solum
1192 3245 1258 3297 leus
1278 3245 1375 3296 locutus
1448 3207 1449 3316 λ

286 3323 328 3369 est
345 3331 403 3367 cnm
431 3317 596 3382 hominibus,
631 3334 724 3370 rernm
752 3319 830 3368 ctiam
857 3316 948 3384 angeli
976 3318 1077 3380 creati,
1107 3323 1137 3366 ut
1155 3315 1205 3366 iam
1223 3315 1338 3366 diximus
1356 3319 1377 3362 et
1448 3373 1449 3384 ρ

284 3402 355 3439 nnnc
374 3388 467 3454 paucis
485 3389 580 3439 iterum
599 3390 726 3440 dicemus.
764 3389 829 3440 dicit
849 3390 918 3439 enim
942 3403 1053 3455 mugnus
1069 3352 1215 3452 ’Dionysius
1235 3394 1328 3452 patras
1347 3383 1376 3435 44-
1448 3385 1449 3388 ’

285 3457 383 3508 lustres
402 3457 595 3525 contemplatos
613 3475 673 3511 esse
684 3461 761 3511 deum
777 3474 825 3526 per
836 3459 935 3510 medias
954 3457 1091 3509 coelorum
1103 3461 1215 3508 virtutes
1234 3465 1262 3507 et
1284 3468 1376 3508 sacram
1448 3509 1449 3518 ρ

285 3527 355 3594 logis
376 3529 592 3580 constitutionem
611 3545 660 3596 per
678 3529 790 3612 angelos
811 3531 842 3580 ad
861 3543 910 3580 nos
929 3531 1038 3580 venisse
1063 3536 1155 3594 aperte
1174 3528 1254 3579 docet
1272 3525 1374 3578 theolo-

284 3599 329 3666 gia
350 3605 377 3648 et
398 3599 488 3649 divina
505 3599 551 3650 lex
583 3601 659 3661 iubet
687 3616 721 3652 ex
738 3593 879 3667 principiis'
904 3601 1096 3667 consequentia
1120 3599 1153 3649 ad
1179 3599 1257 3650 (lenm
1276 3595 1374 3649 referri.
1448 3599 1449 3608 ¹

285 3669 384 3736 virgini
405 3659 523 3722 (livinum
544 3672 698 3736 mysterium
718 3670 807 3722 attulit
828 3671 941 3738 angelus
962 3670 1015 3722 sub
1034 3669 1147 3720 humana
1166 3669 1251 3719 lorma
1271 3676 1301 3720 et
1320 3680 1375 3733 spe·
1448 3697 1449 3702 =

285 3739 343 3802 cie,
373 3747 399 3790 ct
417 3741 566 3806 pastoribus
593 3741 705 3811 angelus
732 3741 848 3805 domini,
877 3742 980 3809 inquit,
1005 3741 1090 3792 astitit
1114 3749 1141 3790 et
1165 3738 1254 3807 gloria
1285 3734 1375 3790 domini

284 3809 463 3862 circumdabat
481 3825 527 3862 cos
548 3820 575 3863 et
592 3813 703 3864 verbum
722 3826 770 3879 per
792 3811 904 3879 angelos
925 3813 1072 3863 nuntiatum
1093 3809 1153 3862 osse
1169 3824 1218 3876 pro
1238 3819 1315 3861 creto
1333 3821 1374 3859 nn·
1448 3817 1449 3840 ³

285 3879 409 3932 divimus.
447 3896 505 3932 nam
525 3887 614 3935 sacras
634 3881 830 3934 llierarchias
823 3897 998 3948 incorporeas
1018 3883 1156 3948 corporeis
1175 3880 1352 3958 imaginibus
1353 3880 1374 3924 el
1448 3933 1449 3936 ,

286 3950 426 4001 lormarum
447 3955 642 4036 compositione
662 3954 789 4005 variatum
808 3954 915 4004 tradidit
934 3953 960 4005 S
981 3953 1103 4018 Dionysii
1122 3951 1201 4002 liber.
1238 3964 1293 4001 non
1314 3947 1373 4000 enim

283 4033 380 4088 posse,
400 4022 509 4106 inquit,
533 4039 580 4090 por
598 4031 715 4074 nostram
733 4031 846 4074 mentem
866 4011 897 4074 αδ
922 4023 1118 4106 incorporalem
1139 4021 1298 4074 coelestium
1316 4018 1372 4070 llic·

283 4091 445 4143 rarchiurum
466 4094 639 4146 imitationem
668 4102 695 4144 et
714 4094 966 4161 contemplationem
985 4094 1149 4160 pervenire,
1179 4093 1230 4143 nisi
1248 4082 1371 4171 corporali

268 4161 385 4214 ‘auxilio
405 4163 534 4215 adhibito.
571 4165 724 4217 servientes
744 4165 812 4216 enim
831 4166 935 4216 animae
954 4166 1040 4234 inquit
1058 4170 1120 4214 sunt
1137 4162 1228 4230 angeli
1250 4163 1282 4214 ad
1302 4155 1371 4212 nini·

284 4233 402 4288 sterium
412 4235 511 4290 οιίεεαο
534 4241 561 4286 ct
589 4234 696 4289 Christo
726 4235 838 4304 angelos
865 4236 982 4289 servisse
1011 4235 1143 4302 scriptura
1170 4233 1369 4300 rotenorum
