2910 4896
931 143 953 174 Ι

267 293 341 370 268
564 303 786 374 utcuonout
818 301 1048 374 ounooulu

225 492 233 503 ·
265 466 446 552 βουλομένῳ
469 469 514 554 τῷ
530 466 680 554 θειοτάτῳ
700 471 830 549 βασιλεῖ
847 470 995 549 λέγεσθαι
1016 468 1132 553 ἐφεξῆς
1150 459 1251 550 ἤρετο.
1274 464 1324 529 κατ’
1342 457 1356 528 ό

265 563 416 647 βασιλεός
435 561 527 647 ““ε’μοί
542 569 571 629 δ’
591 569 621 632 εἰ
632 568 686 631 καί
699 566 778 650 πρός
798 561 895 642 όλλας
910 562 1015 650 δγειν”
1028 567 1089 654 ἔφη
1106 564 1182 631 “cdv
1194 571 1266 632 νοῦν
1281 566 1357 630 sluc-

265 671 372 742 θέσεις
388 670 470 750 ένῆν,
489 667 557 731 ἀλλ’
570 661 626 732 cdv
638 669 722 747 όμῶς
743 665 855 750 δρῶντι
871 669 1123 752 συνεληλυθότας
1143 671 1198 732 νῦν
1219 671 1361 733 ἐνταυθοῖ

266 768 469 852 καιριώτερον
488 762 569 832 εἶναι
593 770 681 831 δοκεῖ
701 767 965 852 πολλοστημόριόν
985 793 1014 833 τι
1031 768 1105 853 περί
1125 760 1170 832 ῶν
1194 765 1270 832 ἔνιοι
1290 770 1358 831 δια-

266 872 429 953 φωνοῦσιν
450 871 714 953 έκκλησιαστικῶν
735 872 900 952 δογμάτων
926 876 1045 950 μαθεῖν
1066 868 1144 954 πρός
1166 869 1287 950 δμῶν.”
1311 867 1376 932 unii

264 965 326 1054 γδρ
350 969 476 1034 α’κοόειν
497 967 614 1056 ἔφησεν
634 969 742 1054 ἔριδας
764 973 801 1033 οδ
815 969 933 1052 μικρός
953 975 1115 1054 φυομένας
1136 966 1241 1036 όλλατ’
1262 963 1356 1044 ἄλλως

266 1072 342 1152 περί
360 1067 461 1150 τόμων
484 1076 539 1134 καί
559 1070 778 1154 γραμμάτων,
808 1067 852 1134 “cl
878 1076 1137 1156 προγεγέννηνται
1168 1073 1245 1155 μέν”
1265 1095 1354 1158 φησιν

263 1162 342 1234 “orla
363 1163 423 1234 οἶδ’
447 1166 543 1250 ὅπως,
567 1166 757 1237 όθετοόνται
782 1176 817 1237 δὲ
840 1170 919 1254 πρός
940 1175 1063 1235 πολλῶν
1085 1174 1270 1255 ἐλλογίμων,
1292 1173 1356 1235 ἐπι-

267 1272 374 1354 σφαλῆ
403 1268 473 1334 τινό
513 1276 675 1353 θεολογίας
709 1275 921 1358 καινοφανοῦς
960 1274 1210 1355 έμπεριέχεσθαι
1241 1268 1356 1344 τοότοις

267 1367 420 1434 δεικνύειν
443 1370 585 1454 δόγματα
606 1371 693 1452 μάλα
714 1373 865 1457 σφοδρῶς
895 1375 1146 1452 διατεινομένων.
1190 1368 1389 1453 ἒβουλόμηνλθ

265 1474 324 1552 μὲν
358 1463 415 1536 οδν
447 1477 609 1561 παρρησίᾳ
640 1475 790 1559 συνοδικῇ
821 1470 878 1552 τὴν
901 1470 1076 1555 διόρθωσιν
1106 1472 1356 1554 διαπράξασθαι·
1438 1527 1439 1562 ,

266 1574 328 1637 τῶν
351 1574 385 1636 δὲ
409 1567 603 1655 πραγμότων
619 1573 658 1635 ου’
678 1573 930 1657 συγχωρούντων
950 1571 983 1638 ε”ν
991 1597 1029 1656 γε
1051 1578 1097 1660 τῷ
1118 1573 1265 1655 παρόντι,
1285 1568 1358 1653 βοό-

267 1677 362 1753 λαμαι
383 1679 458 1756 παρ’
480 1673 571 1752 ὑμῶν
594 1678 674 1756 ’γαόν
695 1676 848 1740 ἐνταυθοῖ
875 1676 932 1740 νῦν
954 1671 1201 1758 ὃπωσδηποτοόν
1231 1679 1357 1756 συνελη-
1438 1671 1439 1682 ’

267 1770 411 1836 λυθότων
434 1775 509 1854 περί
529 1772 599 1849 ivd<
622 1771 806 1840 οότινοσοῦν
827 1777 979 1860 αδτηκοος
1006 1779 1180 1860 γεγονέναι.
1225 1773 1280 1840 τόν
1301 1776 1355 1856 γόρ

266 1872 323 1948 τός
353 1877 592 1954 θρολλοομένας
625 1872 733 1957 ἔριδας
770 1876 824 1942 καί
855 1881 1032 1963 διαφωνίας
1066 1877 1236 1960 α’γείροντα
1267 1875 1389 1955 τόμοι15

266 1977 347 2055 έμοῦ
379 1974 597 2056 διατριβόντος
618 1974 660 2042 ’έν
690 1980 901 2065 Θεσσαλονίκη
933 1981 1144 2060 συμπέπτωκε
1163 1978 1356 2061 γεγενῆσθαι,

267 2073 310 2150 ῶς
326 2073 404 2159 μήθ’
428 2069 450 2138 cl
471 2079 554 2158 λέγει
575 2074 737 2159 γινώσκειν
759 2079 824 2159 ε’μέ,
846 2077 926 2164 μήθ’
958 2074 1041 2154 ὅπως
1064 2079 1218 2161 α’ληθείας
1240 2071 1261 2160 ἢ
1281 2075 1357 2158 uaed-

269 2175 343 2251 δους
363 2173 442 2257 ἔχει,
467 2174 563 2254 εἴτις
584 2178 722 2262 ἀκριβῶς
755 2178 909 2258 ἐξετάζειν
930 2178 1087 2263 βαόλοιτο.
1143 2181 1236 2243 δέδια
1259 2179 1287 2242 δ”
1308 2167 1357 2239 οδν

267 2276 311 2358 μη
334 2275 432 2356 κάμοί
452 2283 657 2363 προστριβείη
672 2285 769 2363 κρίμα
789 2276 918 2362 θεόθεν,
942 2277 992 2346 ότι
1010 2279 1066 2344 καί
1085 2279 1185 2355 αότός
1205 2283 1247 2368 τῇ
1268 2285 1358 2361 βασι-

268 2376 405 2464 λευοόση
437 2378 516 2453 τέως
553 2379 792 2464 ἐπιδεδημηκώς
823 2380 855 2446 ἐν
879 2380 1042 2464 ὑστέροις,
1068 2376 1180 2462 ἑτέρου
1208 2382 1286 2455 τέως
1307 2375 1390 2460 epuli

268 2477 413 2554 ἐξουσίαν
434 2478 577 2562 ἔχοντος,
598 2472 683 2544 εἴκων
704 2483 892 2564 ὑπέγραψα,
920 2485 1068 2563 βιασθείς
1091 2483 1145 2546 όπ’
1169 2480 1273 2545 oritoni
1295 2477 1357 2565 (ric

267 2575 328 2662 γδρ
354 2576 493 2667 ἐνμέσῳ
516 2584 594 2663 σιγῶ
614 2580 748 2665 τόχας),
780 2585 836 2648 otiu
855 2581 938 2668 ἔχων
958 2579 1043 2659 ὅπως
1074 2580 1113 2648 δν
1135 2581 1303 2667 έκφόγοιμι
1326 2575 1355 2642 τό

269 2925 357 2979 missis
376 2925 410 2978 iis
429 2943 498 2997 quae
523 2930 677 2982 necessaria
705 2938 781 2983 erant
805 2931 938 2999 Gregorns
964 2947 1070 3001 quoque
1101 2931 1230 2998 deinceps
1250 2930 1356 3000 rogauit,
1439 2945 1440 2998 η

269 2998 331 3065 quid
351 3013 381 3050 se
400 3007 537 3066 oporteret
563 3003 653 3052 dicere
680 3003 712 3054 ad
733 3001 896 3054 volantatem
921 3004 993 3072 regis
1012 3003 1181 3055 divinissimi.
1228 3011 1282 3055 tnm
1300 3016 1356 3055 rest
1439 3023 1440 3066 l

269 3072 411 3138 equidem,
434 3072 534 3140 inquit,
565 3074 614 3124 etsi
634 3073 666 3123 ad
693 3073 748 3124 alia
766 3075 873 3140 incepta
901 3075 1015 3127 animum
1043 3074 1185 3126 advertere
1210 3082 1356 3135 statueram,
1439 3097 1440 3142 η

267 3149 355 3194 tamen
376 3159 433 3194 cum
462 3158 511 3194 vos
530 3159 601 3195 nuno
622 3145 726 3200 videam
746 3144 790 3197 hic
807 3146 928 3208 adessep
946 3146 1150 3199 convenientius
1173 3145 1240 3197 mihi
1260 3146 1356 3197 videtur

268 3221 369 3280 partem
388 3213 502 3280 aliquem
523 3217 643 3281 quamvis
667 3231 775 3282 parvam
795 3217 960 3284 dogmatum,
987 3217 1020 3268 de
1042 3217 1136 3285 quibus
1163 3215 1288 3268 nonnulli
1307 3215 1355 3266 dis.
1439 3259 1440 3268 ,

269 3291 385 3350 ceptnnt,
406 3285 647 3337 ecclesiasticorum
669 3303 718 3354 per
738 3302 786 3338 vos
806 3302 981 3354 cognoscere.
1027 3289 1125 3340 etenim
1145 3303 1174 3339 se
1196 3287 1302 3339 audisse
1319 3286 1355 3336 di-

269 3355 309 3406 xit
328 3355 538 3421 disceptationes
556 3371 610 3407 non
638 3357 714 3410 leves
740 3366 815 3410 natas
835 3375 910 3422 esse,
937 3359 1003 3410 alias
1029 3358 1109 3411 aliter
1131 3360 1164 3411 de
1183 3356 1355 3410 voluminibus

270 3431 297 3476 et
314 3425 406 3489 libris,
426 3442 494 3494 quae
513 3428 579 3480 dixit
597 3431 689 3480 nescio
710 3431 841 3497 quomodo
862 3438 919 3480 orte
942 3446 1019 3494 esse,
1041 3431 1119 3482 reiici
1139 3438 1227 3482 tamen
1247 3445 1263 3480 a
1281 3428 1355 3480 doctis

267 3495 374 3561 multis,
401 3498 445 3564 qui
477 3497 556 3550 valde
590 3501 688 3551 acriter
712 3501 906 3553 contenderent
936 3501 1078 3554 ostendere
1109 3502 1212 3553 inlirma
1238 3499 1355 3568 quaedam

268 3566 425 3637 theologiae
444 3570 569 3621 noviciae
590 3571 712 3638 dogmata
731 3573 786 3624 illis
813 3574 955 3625 contineri.
1002 3571 1126 3625 volebam
1146 3573 1229 3639 igitur
1247 3568 1355 3624 coneilio

267 3638 300 3690 ad
319 3637 482 3707 colloquium
511 3650 658 3693 convocato
687 3644 881 3696 correctionem
909 3658 1049 3710 peragere.
1096 3644 1143 3695 sed
1171 3658 1229 3694 cum
1248 3658 1292 3694 res
1309 3652 1355 3692 non

269 3710 422 3774 conveniat,
444 3726 514 3762 nunc
536 3714 639 3779 quidem
659 3713 724 3766 volo
745 3730 778 3766 ex
809 3715 902 3779 vobis,
923 3715 967 3782 qai
988 3730 1144 3781 quacunque
1170 3714 1203 3766 dc
1223 3728 1301 3766 causa
1318 3710 1356 3762 hio

268 3780 383 3842 adestis,
407 3781 439 3832 dc
466 3791 540 3834 certa
566 3786 675 3851 quadam
693 3802 724 3838 re
743 3788 801 3853 ipse
820 3788 922 3839 andire.
965 3801 1024 3838 nam
1053 3784 1179 3839 volumen
1198 3784 1275 3848 illud,
1293 3780 1356 3851 quod

267 3851 450 3919 frequentatas
477 3856 662 3908 contentiones
695 3865 722 3906 et
751 3858 958 3924 disceptationes
984 3858 1119 3920 continet,
1149 3855 1214 3907 mihi
1244 3870 1301 3906 cum
1331 3852 1355 3901 in

267 3921 458 3975 Thessalonice
476 3939 609 3989 versarer,
631 3928 745 3991 eccidit,
770 3936 800 3978 ut
817 3943 906 3997 neque
925 3929 989 3996 quid
1007 3927 1058 3980 sibi
1077 3926 1163 3980 vellet
1182 3925 1355 3994 intelligerent

267 4008 357 4061 nequa
375 4001 461 4045 utrum
479 4011 545 4048 vera
564 4012 596 4047 en
617 3998 683 4051 laisa
704 3997 846 4051 exhiheret
863 4002 886 4053 si
906 4001 964 4068 quis
983 4006 1109 4051 accurate
1118 4013 1251 4065 quaerere
1269 3993 1354 4047 vellet.

269 4078 367 4117 vereor
387 4072 495 4130 autem,
515 4083 550 4118 ne
568 4068 632 4120 mihi
652 4085 759 4138 quoque
778 4071 921 4123 adhaereat
941 4084 1028 4137 poena
1054 4061 1160 4132 divide,
1180 4068 1241 4136 quis
1262 4067 1355 4130 etipse

272 4150 331 4188 curn
350 4134 466 4188 coneilio
486 4137 584 4205 hospes
604 4151 702 4206 postes
714 4142 834 4194 adessem
852 4143 1028 4211 aliquamdiu,
1047 4141 1101 4194 alio
1121 4139 1299 4207 praesidente,
1317 4135 1356 4185 in-

272 4207 344 4270 ,vitm
378 4217 476 4260 nomen
506 4209 652 4282 subscripsi
679 4213 713 4266 eh
741 4225 774 4264 eo
798 4221 916 4270 coactus·
963 4228 1032 4282 quse
1059 4212 1128 4265 enirn
1158 4206 1356 4266 intercesserunt
