<?xml version="1.0" encoding="UTF-8"?>
<!DOCTYPE html PUBLIC "-//W3C//DTD XHTML 1.0 Transitional//EN"
    "http://www.w3.org/TR/xhtml1/DTD/xhtml1-transitional.dtd">
<html xmlns="http://www.w3.org/1999/xhtml" xml:lang="en" lang="en">
 <head>
  <title>
</title>
<meta http-equiv="Content-Type" content="text/html;charset=utf-8" />
  <meta name='ocr-system' content='tesseract 3.04.00' />
  <meta name='ocr-capabilities' content='ocr_page ocr_carea ocr_par ocr_line ocrx_word'/>
</head>
<body>
  <div class='ocr_page' id='page_1' title='image "./nicephorigregor07schogoog_0311.png"; bbox 0 0 2910 4896; ppageno 0'>
   <div class='ocr_carea' id='block_1_1' title="bbox 303 297 1090 372">
    <p class='ocr_par' dir='ltr' id='par_1_1' title="bbox 303 297 1090 372">
     <span class='ocr_line' id='line_1_1' title="bbox 303 297 1090 372; baseline -0.005 0"><span class='ocrx_word' id='word_1_1' title='bbox 303 297 376 372; x_wconf 70' lang='lat'><strong>286</strong></span> <span class='ocrx_word' id='word_1_2' title='bbox 604 301 829 370; x_wconf 74' lang='lat' dir='ltr'><strong>nicoenum</strong></span> <span class='ocrx_word' id='word_1_3' title='bbox 861 301 1090 370; x_wconf 67' lang='lat' dir='ltr'><strong>cuonone</strong></span> 
     </span>
    </p>
   </div>
   <div class='ocr_carea' id='block_1_2' title="bbox 184 460 1436 2770">
    <p class='ocr_par' dir='ltr' id='par_1_2' title="bbox 235 460 1436 1259">
     <span class='ocr_line' id='line_1_2' title="bbox 235 460 1436 554; baseline -0.002 -26"><span class='ocrx_word' id='word_1_4' title='bbox 235 493 291 545; x_wconf 72' lang='lat' dir='ltr'><strong>u</strong></span> <span class='ocrx_word' id='word_1_5' title='bbox 408 462 535 528; x_wconf 75' lang='grc' dir='ltr'><em>Τούτων</em></span> <span class='ocrx_word' id='word_1_6' title='bbox 563 466 589 527; x_wconf 81' lang='lat' dir='ltr'><strong>tl’</strong></span> <span class='ocrx_word' id='word_1_7' title='bbox 620 460 703 528; x_wconf 72' lang='grc' dir='ltr'><em>οὕτω</em></span> <span class='ocrx_word' id='word_1_8' title='bbox 734 468 908 544; x_wconf 82' lang='grc' dir='ltr'><strong><em>λεγομὲνων</em></strong></span> <span class='ocrx_word' id='word_1_9' title='bbox 941 467 1022 539; x_wconf 80' lang='grc' dir='ltr'><em>τινὲς</em></span> <span class='ocrx_word' id='word_1_10' title='bbox 1049 467 1111 526; x_wconf 77' lang='grc' dir='ltr'><strong>τῶν</strong></span> <span class='ocrx_word' id='word_1_11' title='bbox 1148 466 1202 547; x_wconf 81' lang='grc' dir='ltr'><strong>τῇς</strong></span> <span class='ocrx_word' id='word_1_12' title='bbox 1232 465 1384 547; x_wconf 70' lang='grc' dir='ltr'><strong><em>γερουσίας</em></strong></span> <span class='ocrx_word' id='word_1_13' title='bbox 1435 463 1436 554; x_wconf 61' lang='lat' dir='ltr'><strong>l</strong></span> 
     </span>
     <span class='ocr_line' id='line_1_3' title="bbox 303 559 1436 654; baseline 0.002 -26"><span class='ocrx_word' id='word_1_14' title='bbox 303 561 442 646; x_wconf 74' lang='grc' dir='ltr'><strong><em>μάλιστα</em></strong></span> <span class='ocrx_word' id='word_1_15' title='bbox 465 571 567 650; x_wconf 89' lang='grc' dir='ltr'><em>φίλων</em></span> <span class='ocrx_word' id='word_1_16' title='bbox 585 568 627 652; x_wconf 78' lang='grc' dir='ltr'><em>τῷ</em></span> <span class='ocrx_word' id='word_1_17' title='bbox 647 569 794 654; x_wconf 77' lang='grc' dir='ltr'><strong><em>Παλαμῇ</em></strong></span> <span class='ocrx_word' id='word_1_18' title='bbox 817 570 871 630; x_wconf 83' lang='grc' dir='ltr'><em>κατ’</em></span> <span class='ocrx_word' id='word_1_19' title='bbox 894 561 1055 646; x_wconf 75' lang='grc' dir='ltr'><strong>ὁμοδόξων</strong></span> <span class='ocrx_word' id='word_1_20' title='bbox 1075 565 1157 647; x_wconf 80' lang='grc' dir='ltr'><strong>ὁμοῦ</strong></span> <span class='ocrx_word' id='word_1_21' title='bbox 1179 568 1234 630; x_wconf 88' lang='grc' dir='ltr'><strong>καί</strong></span> <span class='ocrx_word' id='word_1_22' title='bbox 1253 589 1383 647; x_wconf 87' lang='grc' dir='ltr'><em>σνναγω-</em></span> <span class='ocrx_word' id='word_1_23' title='bbox 1435 559 1436 618; x_wconf 76' lang='lat' dir='ltr'><strong>l</strong></span> 
     </span>
     <span class='ocr_line' id='line_1_4' title="bbox 302 625 1436 756; baseline -0.001 -27"><span class='ocrx_word' id='word_1_24' title='bbox 302 669 416 729; x_wconf 72' lang='grc' dir='ltr'><em>νισταῖν</em></span> <span class='ocrx_word' id='word_1_25' title='bbox 442 661 685 748; x_wconf 73' lang='grc' dir='ltr'><strong><em>ὖιτεψιθύρισαν</em></strong></span> <span class='ocrx_word' id='word_1_26' title='bbox 718 667 796 747; x_wconf 81' lang='grc' dir='ltr'><strong><em>πρὸς</em></strong></span> <span class='ocrx_word' id='word_1_27' title='bbox 833 661 887 742; x_wconf 65' lang='lat' dir='ltr'><strong>osis</strong></span> <span class='ocrx_word' id='word_1_28' title='bbox 918 670 962 756; x_wconf 74' lang='grc' dir='ltr'><em>τῇ</em></span> <span class='ocrx_word' id='word_1_29' title='bbox 987 668 1136 753; x_wconf 78' lang='grc' dir='ltr'><strong><em>Γρηγορῇ</em></strong></span> <span class='ocrx_word' id='word_1_30' title='bbox 1156 664 1210 749; x_wconf 76' lang='grc' dir='ltr'><strong>’μὴ</strong></span> <span class='ocrx_word' id='word_1_31' title='bbox 1245 665 1383 731; x_wconf 73' lang='grc' dir='ltr'><strong>σκώπτειν</strong></span> <span class='ocrx_word' id='word_1_32' title='bbox 1435 625 1436 700; x_wconf 63' lang='lat' dir='ltr'><strong>l</strong></span> 
     </span>
     <span class='ocr_line' id='line_1_5' title="bbox 301 761 1384 850; baseline -0.001 -22"><span class='ocrx_word' id='word_1_33' title='bbox 301 767 376 850; x_wconf 83' lang='grc' dir='ltr'><strong>μηδ’</strong></span> <span class='ocrx_word' id='word_1_34' title='bbox 407 768 438 842; x_wconf 75' lang='grc' dir='ltr'><strong>ἐς</strong></span> <span class='ocrx_word' id='word_1_35' title='bbox 475 770 625 831; x_wconf 83' lang='grc' dir='ltr'><strong><em>τοσοῦτον</em></strong></span> <span class='ocrx_word' id='word_1_36' title='bbox 649 768 876 850; x_wconf 69' lang='grc' dir='ltr'><strong>εἰρωνεύεσθαι</strong></span> <span class='ocrx_word' id='word_1_37' title='bbox 908 768 987 850; x_wconf 86' lang='grc' dir='ltr'><strong><em>πρὸς</em></strong></span> <span class='ocrx_word' id='word_1_38' title='bbox 1024 761 1126 849; x_wconf 71' lang='grc' dir='ltr'><strong><em>ἄνδρα</em></strong></span> <span class='ocrx_word' id='word_1_39' title='bbox 1158 770 1321 831; x_wconf 80' lang='grc' dir='ltr'><strong><em>εἰιιίνκοαον</em></strong></span> <span class='ocrx_word' id='word_1_40' title='bbox 1341 765 1384 830; x_wconf 87' lang='grc' dir='ltr'><strong>καί</strong></span> 
     </span>
     <span class='ocr_line' id='line_1_6' title="bbox 301 862 1401 954; baseline -0.005 -22"><span class='ocrx_word' id='word_1_41' title='bbox 301 864 486 947; x_wconf 80' lang='grc' dir='ltr'><em>τιαλιόντῇν</em></span> <span class='ocrx_word' id='word_1_42' title='bbox 518 869 626 951; x_wconf 86' lang='grc' dir='ltr'><strong><em>τρίχα.</em></strong></span> <span class='ocrx_word' id='word_1_43' title='bbox 678 867 759 931; x_wconf 75' lang='grc' dir='ltr'><em>κατα</em></span> <span class='ocrx_word' id='word_1_44' title='bbox 784 866 898 950; x_wconf 83' lang='grc' dir='ltr'><em>μικρόν</em></span> <span class='ocrx_word' id='word_1_45' title='bbox 928 862 986 932; x_wconf 77' lang='grc' dir='ltr'><strong><em>σίν</em></strong></span> <span class='ocrx_word' id='word_1_46' title='bbox 1018 867 1035 930; x_wconf 79' lang='grc' dir='ltr'>ὁ</span> <span class='ocrx_word' id='word_1_47' title='bbox 1062 871 1091 932; x_wconf 93' lang='grc' dir='ltr'>Γ</span> <span class='ocrx_word' id='word_1_48' title='bbox 1090 871 1227 954; x_wconf 84' lang='grc' dir='ltr'><strong><em>ρηγορᾶς</em></strong></span> <span class='ocrx_word' id='word_1_49' title='bbox 1259 865 1401 949; x_wconf 64' lang='lat' dir='ltr'><strong>insopiti</strong></span> 
     </span>
     <span class='ocr_line' id='line_1_7' title="bbox 301 962 1382 1052; baseline 0 -22"><span class='ocrx_word' id='word_1_50' title='bbox 301 967 354 1030; x_wconf 85' lang='grc' dir='ltr'><strong>καί</strong></span> <span class='ocrx_word' id='word_1_51' title='bbox 383 968 522 1043; x_wconf 78' lang='grc' dir='ltr'><strong><em>α’κυύσας</em></strong></span> <span class='ocrx_word' id='word_1_52' title='bbox 553 967 770 1050; x_wconf 70' lang='grc' dir='ltr'><strong>ἀνελάμβανεν</strong></span> <span class='ocrx_word' id='word_1_53' title='bbox 805 962 901 1044; x_wconf 76' lang='grc' dir='ltr'><em>αὖθις</em></span> <span class='ocrx_word' id='word_1_54' title='bbox 929 968 983 1034; x_wconf 79' lang='grc' dir='ltr'><strong>τόν</strong></span> <span class='ocrx_word' id='word_1_55' title='bbox 1021 966 1121 1052; x_wconf 87' lang='grc' dir='ltr'><strong><em>λόγον.</em></strong></span> <span class='ocrx_word' id='word_1_56' title='bbox 1174 974 1229 1034; x_wconf 85' lang='grc' dir='ltr'><strong>καί</strong></span> <span class='ocrx_word' id='word_1_57' title='bbox 1255 965 1382 1052; x_wconf 43' lang='lat' dir='ltr'><strong>osmonte</strong></span> 
     </span>
     <span class='ocr_line' id='line_1_8' title="bbox 299 1061 1382 1158; baseline -0.001 -26"><span class='ocrx_word' id='word_1_58' title='bbox 299 1072 359 1150; x_wconf 84' lang='grc' dir='ltr'><em>μὲν</em></span> <span class='ocrx_word' id='word_1_59' title='bbox 381 1061 454 1131; x_wconf 70' lang='grc' dir='ltr'><strong>οὖν’</strong></span> <span class='ocrx_word' id='word_1_60' title='bbox 477 1073 574 1155; x_wconf 85' lang='grc' dir='ltr'><em>φησίν</em></span> <span class='ocrx_word' id='word_1_61' title='bbox 593 1068 651 1134; x_wconf 72' lang='lat' dir='ltr'><strong>“ul</strong></span> <span class='ocrx_word' id='word_1_62' title='bbox 672 1074 704 1133; x_wconf 84' lang='grc' dir='ltr'><em>ἐν</em></span> <span class='ocrx_word' id='word_1_63' title='bbox 725 1076 762 1155; x_wconf 87' lang='grc' dir='ltr'><em>τῇ</em></span> <span class='ocrx_word' id='word_1_64' title='bbox 784 1075 875 1157; x_wconf 97' lang='grc' dir='ltr'><em>φωνῇ</em></span> <span class='ocrx_word' id='word_1_65' title='bbox 896 1073 958 1134; x_wconf 69' lang='grc' dir='ltr'><em>τοῖν</em></span> <span class='ocrx_word' id='word_1_66' title='bbox 981 1073 1013 1134; x_wconf 79' lang='grc' dir='ltr'><em>ἐν</em></span> <span class='ocrx_word' id='word_1_67' title='bbox 1033 1076 1071 1158; x_wconf 89' lang='grc' dir='ltr'><em>τῇ</em></span> <span class='ocrx_word' id='word_1_68' title='bbox 1091 1075 1184 1158; x_wconf 92' lang='grc' dir='ltr'><strong><em>ψυχῇ</em></strong></span> <span class='ocrx_word' id='word_1_69' title='bbox 1199 1069 1382 1154; x_wconf 75' lang='grc' dir='ltr'><em>παθημάτων</em></span> 
     </span>
     <span class='ocr_line' id='line_1_9' title="bbox 300 1167 1381 1259; baseline -0.004 -25"><span class='ocrx_word' id='word_1_70' title='bbox 300 1171 458 1250; x_wconf 71' lang='grc' dir='ltr'><strong>σύμβολα,</strong></span> <span class='ocrx_word' id='word_1_71' title='bbox 484 1172 540 1235; x_wconf 84' lang='grc' dir='ltr'><strong>καί</strong></span> <span class='ocrx_word' id='word_1_72' title='bbox 560 1171 599 1234; x_wconf 76' lang='grc' dir='ltr'><em>τά</em></span> <span class='ocrx_word' id='word_1_73' title='bbox 620 1168 809 1254; x_wconf 79' lang='grc' dir='ltr'><strong><em>γραφόμενα</em></strong></span> <span class='ocrx_word' id='word_1_74' title='bbox 833 1175 896 1235; x_wconf 76' lang='grc' dir='ltr'><strong>τῶν</strong></span> <span class='ocrx_word' id='word_1_75' title='bbox 917 1174 950 1234; x_wconf 79' lang='grc' dir='ltr'><em>ἐν</em></span> <span class='ocrx_word' id='word_1_76' title='bbox 972 1176 1012 1258; x_wconf 90' lang='grc' dir='ltr'><em>τῇ</em></span> <span class='ocrx_word' id='word_1_77' title='bbox 1045 1175 1144 1259; x_wconf 89' lang='grc' dir='ltr'><em>φωνῇ,</em></span> <span class='ocrx_word' id='word_1_78' title='bbox 1168 1169 1234 1254; x_wconf 76' lang='grc' dir='ltr'><em>ῇτις</em></span> <span class='ocrx_word' id='word_1_79' title='bbox 1259 1168 1296 1253; x_wconf 79' lang='grc' dir='ltr'><strong>δῇ</strong></span> <span class='ocrx_word' id='word_1_80' title='bbox 1318 1167 1381 1232; x_wconf 75' lang='lat' dir='ltr'><strong>sari</strong></span> 
     </span>
    </p>

    <p class='ocr_par' dir='ltr' id='par_1_3' title="bbox 234 1263 1429 2563">
     <span class='ocr_line' id='line_1_10' title="bbox 234 1263 1381 1355; baseline -0.001 -23"><span class='ocrx_word' id='word_1_81' title='bbox 234 1277 237 1286; x_wconf 84' lang='grc'><strong>“</strong></span> <span class='ocrx_word' id='word_1_82' title='bbox 302 1271 400 1355; x_wconf 76' lang='grc' dir='ltr'><em>φύσιν</em></span> <span class='ocrx_word' id='word_1_83' title='bbox 423 1263 585 1352; x_wconf 69' lang='grc' dir='ltr'><strong><em>ἄναρθρος</em></strong></span> <span class='ocrx_word' id='word_1_84' title='bbox 614 1264 693 1334; x_wconf 59' lang='lat' dir='ltr'><strong>olon</strong></span> <span class='ocrx_word' id='word_1_85' title='bbox 715 1268 870 1354; x_wconf 84' lang='grc' dir='ltr'><strong><em>ἔναρθρος</em></strong></span> <span class='ocrx_word' id='word_1_86' title='bbox 892 1275 1011 1354; x_wconf 83' lang='grc' dir='ltr'><strong><em>γίνεται</em></strong></span> <span class='ocrx_word' id='word_1_87' title='bbox 1033 1278 1144 1353; x_wconf 84' lang='grc' dir='ltr'><strong><em>θέσει,</em></strong></span> <span class='ocrx_word' id='word_1_88' title='bbox 1168 1275 1210 1336; x_wconf 85' lang='grc' dir='ltr'><strong>δι’</strong></span> <span class='ocrx_word' id='word_1_89' title='bbox 1234 1268 1381 1349; x_wconf 79' lang='grc' dir='ltr'><em>σ’νομιίτων</em></span> 
     </span>
     <span class='ocr_line' id='line_1_11' title="bbox 300 1367 1413 1457; baseline 0.001 -22"><span class='ocrx_word' id='word_1_90' title='bbox 300 1395 334 1435; x_wconf 92' lang='grc' dir='ltr'><strong>τε</strong></span> <span class='ocrx_word' id='word_1_91' title='bbox 357 1373 411 1434; x_wconf 90' lang='grc' dir='ltr'><strong>καί</strong></span> <span class='ocrx_word' id='word_1_92' title='bbox 434 1369 584 1457; x_wconf 74' lang='grc' dir='ltr'><em>ῥημάτων</em></span> <span class='ocrx_word' id='word_1_93' title='bbox 606 1371 766 1454; x_wconf 83' lang='grc' dir='ltr'><strong><em>ὄψιγόνοις</em></strong></span> <span class='ocrx_word' id='word_1_94' title='bbox 789 1377 1038 1456; x_wconf 83' lang='grc' dir='ltr'><strong><em>τιαρευρημένων</em></strong></span> <span class='ocrx_word' id='word_1_95' title='bbox 1059 1372 1251 1454; x_wconf 78' lang='grc' dir='ltr'><em>α’νθρτότισις.</em></span> <span class='ocrx_word' id='word_1_96' title='bbox 1275 1370 1311 1436; x_wconf 83' lang='grc' dir='ltr'><strong>τοὶ</strong></span> <span class='ocrx_word' id='word_1_97' title='bbox 1332 1367 1380 1451; x_wconf 75' lang='grc' dir='ltr'><strong>γὰρ</strong></span> <span class='ocrx_word' id='word_1_98' title='bbox 1391 1373 1413 1426; x_wconf 76' lang='lat'><strong>1⁰</strong></span> 
     </span>
     <span class='ocr_line' id='line_1_12' title="bbox 301 1464 1429 1558; baseline -0.004 -24"><span class='ocrx_word' id='word_1_99' title='bbox 301 1474 410 1552; x_wconf 78' lang='grc' dir='ltr'><em>τιρῶτα</em></span> <span class='ocrx_word' id='word_1_100' title='bbox 433 1473 513 1536; x_wconf 72' lang='grc' dir='ltr'><em>κατὰ</em></span> <span class='ocrx_word' id='word_1_101' title='bbox 541 1473 650 1558; x_wconf 80' lang='grc' dir='ltr'><em>φύσιν,</em></span> <span class='ocrx_word' id='word_1_102' title='bbox 673 1468 728 1536; x_wconf 79' lang='grc' dir='ltr'><strong>ἅτε</strong></span> <span class='ocrx_word' id='word_1_103' title='bbox 749 1464 824 1537; x_wconf 79' lang='grc' dir='ltr'><em>ὅντα</em></span> <span class='ocrx_word' id='word_1_104' title='bbox 848 1473 950 1552; x_wconf 80' lang='grc' dir='ltr'><strong><em>ἁπλᾶ,</em></strong></span> <span class='ocrx_word' id='word_1_105' title='bbox 977 1475 1031 1538; x_wconf 84' lang='grc' dir='ltr'><strong>καί</strong></span> <span class='ocrx_word' id='word_1_106' title='bbox 1050 1471 1186 1557; x_wconf 73' lang='grc' dir='ltr'><strong><em>πρότερα</em></strong></span> <span class='ocrx_word' id='word_1_107' title='bbox 1210 1473 1312 1556; x_wconf 79' lang='grc' dir='ltr'><strong><em>δῇιτου</em></strong></span> <span class='ocrx_word' id='word_1_108' title='bbox 1332 1475 1382 1534; x_wconf 78' lang='grc' dir='ltr'><strong>τῶν</strong></span> <span class='ocrx_word' id='word_1_109' title='bbox 1425 1507 1429 1514; x_wconf 73' lang='lat'><em>,</em></span> 
     </span>
     <span class='ocr_line' id='line_1_13' title="bbox 301 1569 1382 1658; baseline -0.002 -24"><span class='ocrx_word' id='word_1_110' title='bbox 301 1573 368 1636; x_wconf 88' lang='grc' dir='ltr'><em>κατ’</em></span> <span class='ocrx_word' id='word_1_111' title='bbox 390 1573 594 1655; x_wconf 76' lang='grc' dir='ltr'><strong>ἐπιτήδευσιν</strong></span> <span class='ocrx_word' id='word_1_112' title='bbox 628 1573 682 1637; x_wconf 84' lang='grc' dir='ltr'><strong>καί</strong></span> <span class='ocrx_word' id='word_1_113' title='bbox 703 1579 864 1639; x_wconf 78' lang='grc' dir='ltr'><em>συνθέτων</em></span> <span class='ocrx_word' id='word_1_114' title='bbox 895 1569 987 1654; x_wconf 83' lang='grc' dir='ltr'><em>ὁτῇς</em></span> <span class='ocrx_word' id='word_1_115' title='bbox 1012 1576 1165 1658; x_wconf 87' lang='grc' dir='ltr'><strong><em>α’ληθείοις</em></strong></span> <span class='ocrx_word' id='word_1_116' title='bbox 1195 1573 1382 1637; x_wconf 80' lang='grc' dir='ltr'><strong><em>δεδικαίωκεν</em></strong></span> 
     </span>
     <span class='ocr_line' id='line_1_14' title="bbox 302 1665 1383 1760; baseline -0.002 -26"><span class='ocrx_word' id='word_1_117' title='bbox 302 1665 382 1735; x_wconf 81' lang='grc' dir='ltr'><strong><em>εἶναι</em></strong></span> <span class='ocrx_word' id='word_1_118' title='bbox 404 1670 504 1755; x_wconf 87' lang='grc' dir='ltr'><strong><em>λόγος.</em></strong></span> <span class='ocrx_word' id='word_1_119' title='bbox 549 1674 687 1757; x_wconf 82' lang='grc' dir='ltr'><strong><em>πρότερα</em></strong></span> <span class='ocrx_word' id='word_1_120' title='bbox 709 1667 773 1757; x_wconf 70' lang='grc' dir='ltr'><strong>ἄρα</strong></span> <span class='ocrx_word' id='word_1_121' title='bbox 795 1679 856 1738; x_wconf 78' lang='grc' dir='ltr'><strong>τῶν</strong></span> <span class='ocrx_word' id='word_1_122' title='bbox 877 1676 909 1737; x_wconf 77' lang='grc' dir='ltr'><em>ἐν</em></span> <span class='ocrx_word' id='word_1_123' title='bbox 930 1678 968 1760; x_wconf 92' lang='grc' dir='ltr'><em>τῇ</em></span> <span class='ocrx_word' id='word_1_124' title='bbox 994 1681 1083 1760; x_wconf 89' lang='grc' dir='ltr'><em>φωνῇ</em></span> <span class='ocrx_word' id='word_1_125' title='bbox 1106 1677 1305 1758; x_wconf 79' lang='grc' dir='ltr'><em>σημαντικῶν</em></span> <span class='ocrx_word' id='word_1_126' title='bbox 1325 1673 1383 1733; x_wconf 84' lang='grc' dir='ltr'><strong><em>σ’νυ-</em></strong></span> 
     </span>
     <span class='ocr_line' id='line_1_15' title="bbox 301 1771 1383 1862; baseline -0.004 -27"><span class='ocrx_word' id='word_1_127' title='bbox 301 1772 411 1853; x_wconf 81' lang='grc' dir='ltr'><em>μοὶτων</em></span> <span class='ocrx_word' id='word_1_128' title='bbox 435 1771 517 1854; x_wconf 78' lang='grc' dir='ltr'><strong>ὁμοῦ</strong></span> <span class='ocrx_word' id='word_1_129' title='bbox 546 1773 600 1838; x_wconf 82' lang='grc' dir='ltr'><strong>καί</strong></span> <span class='ocrx_word' id='word_1_130' title='bbox 621 1772 774 1858; x_wconf 76' lang='grc' dir='ltr'><em>ῥημάτων</em></span> <span class='ocrx_word' id='word_1_131' title='bbox 802 1774 840 1839; x_wconf 79' lang='grc' dir='ltr'><strong>τοὶ</strong></span> <span class='ocrx_word' id='word_1_132' title='bbox 864 1777 898 1838; x_wconf 82' lang='grc' dir='ltr'><em>ἐν</em></span> <span class='ocrx_word' id='word_1_133' title='bbox 921 1778 959 1862; x_wconf 89' lang='grc' dir='ltr'><em>τῇ</em></span> <span class='ocrx_word' id='word_1_134' title='bbox 988 1779 1080 1862; x_wconf 88' lang='grc' dir='ltr'><strong><em>ψυχῇ</em></strong></span> <span class='ocrx_word' id='word_1_135' title='bbox 1102 1777 1277 1858; x_wconf 75' lang='grc' dir='ltr'><em>παθήματα</em></span> <span class='ocrx_word' id='word_1_136' title='bbox 1298 1771 1383 1836; x_wconf 83' lang='grc' dir='ltr'><strong><em>τῖιουν</em></strong></span> 
     </span>
     <span class='ocr_line' id='line_1_16' title="bbox 303 1867 1413 1959; baseline 0.003 -24"><span class='ocrx_word' id='word_1_137' title='bbox 303 1873 456 1953; x_wconf 73' lang='grc' dir='ltr'><em>νοήματα.</em></span> <span class='ocrx_word' id='word_1_138' title='bbox 480 1868 610 1959; x_wconf 77' lang='grc' dir='ltr'><em>ἔμφυτα</em></span> <span class='ocrx_word' id='word_1_139' title='bbox 636 1874 695 1957; x_wconf 82' lang='grc' dir='ltr'><strong>γὰρ</strong></span> <span class='ocrx_word' id='word_1_140' title='bbox 720 1875 863 1956; x_wconf 80' lang='grc' dir='ltr'><em>νοῇματα</em></span> <span class='ocrx_word' id='word_1_141' title='bbox 877 1867 934 1952; x_wconf 80' lang='grc' dir='ltr'><strong>κοῖξ</strong></span> <span class='ocrx_word' id='word_1_142' title='bbox 955 1872 1153 1957; x_wconf 83' lang='grc' dir='ltr'><strong><em>ου’τοχθόνσυ</em></strong></span> <span class='ocrx_word' id='word_1_143' title='bbox 1176 1879 1276 1958; x_wconf 81' lang='grc' dir='ltr'><strong><em>πηγῇς</em></strong></span> <span class='ocrx_word' id='word_1_144' title='bbox 1298 1875 1413 1952; x_wconf 70' lang='grc' dir='ltr'><strong><em>ἄτερ-15</em></strong></span> 
     </span>
     <span class='ocr_line' id='line_1_17' title="bbox 302 1966 1383 2058; baseline -0.002 -23"><span class='ocrx_word' id='word_1_145' title='bbox 302 1970 426 2057; x_wconf 76' lang='grc' dir='ltr'><em>ῥέοντα,</em></span> <span class='ocrx_word' id='word_1_146' title='bbox 450 1976 551 2038; x_wconf 80' lang='grc' dir='ltr'><strong><em>ἐκεῖνα</em></strong></span> <span class='ocrx_word' id='word_1_147' title='bbox 576 1975 605 2036; x_wconf 80' lang='grc' dir='ltr'><strong>δ’</strong></span> <span class='ocrx_word' id='word_1_148' title='bbox 631 1975 823 2057; x_wconf 75' lang='grc' dir='ltr'><strong><em>υστερυγενῆ</em></strong></span> <span class='ocrx_word' id='word_1_149' title='bbox 855 1980 910 2038; x_wconf 83' lang='grc' dir='ltr'><em>κατ’</em></span> <span class='ocrx_word' id='word_1_150' title='bbox 930 1977 1088 2058; x_wconf 83' lang='grc' dir='ltr'><em>ἐπίκτητα.</em></span> <span class='ocrx_word' id='word_1_151' title='bbox 1140 1966 1184 2038; x_wconf 81' lang='grc' dir='ltr'><em>ὧν</em></span> <span class='ocrx_word' id='word_1_152' title='bbox 1207 1976 1266 2036; x_wconf 86' lang='grc' dir='ltr'><strong>συίι</strong></span> <span class='ocrx_word' id='word_1_153' title='bbox 1288 1970 1321 2036; x_wconf 68' lang='grc' dir='ltr'><em>ἂν</em></span> <span class='ocrx_word' id='word_1_154' title='bbox 1337 1971 1383 2032; x_wconf 84' lang='grc' dir='ltr'><em>α’ν-</em></span> 
     </span>
     <span class='ocr_line' id='line_1_18' title="bbox 301 2065 1382 2160; baseline -0.004 -25"><span class='ocrx_word' id='word_1_155' title='bbox 301 2072 444 2154; x_wconf 85' lang='grc' dir='ltr'><strong><em>θροόασις</em></strong></span> <span class='ocrx_word' id='word_1_156' title='bbox 465 2077 617 2158; x_wconf 82' lang='grc' dir='ltr'><strong><em>ε’δέἠσεν,</em></strong></span> <span class='ocrx_word' id='word_1_157' title='bbox 645 2077 675 2141; x_wconf 83' lang='grc' dir='ltr'><strong>εἰ</strong></span> <span class='ocrx_word' id='word_1_158' title='bbox 704 2072 839 2152; x_wconf 74' lang='grc' dir='ltr'><em>δύναμις</em></span> <span class='ocrx_word' id='word_1_159' title='bbox 869 2078 939 2159; x_wconf 83' lang='grc' dir='ltr'><strong><em>ε’νῇν</em></strong></span> <span class='ocrx_word' id='word_1_160' title='bbox 972 2067 1160 2160; x_wconf 79' lang='grc' dir='ltr'><strong><em>προφαίνειν</em></strong></span> <span class='ocrx_word' id='word_1_161' title='bbox 1188 2069 1333 2158; x_wconf 75' lang='grc' dir='ltr'><strong>ἀλληλοις</strong></span> <span class='ocrx_word' id='word_1_162' title='bbox 1351 2065 1382 2133; x_wconf 82' lang='grc' dir='ltr'><strong>τοὶ</strong></span> 
     </span>
     <span class='ocr_line' id='line_1_19' title="bbox 301 2169 1382 2260; baseline -0.007 -22"><span class='ocrx_word' id='word_1_163' title='bbox 301 2178 355 2256; x_wconf 84' lang='grc' dir='ltr'><strong>τῇς</strong></span> <span class='ocrx_word' id='word_1_164' title='bbox 379 2177 520 2250; x_wconf 79' lang='grc' dir='ltr'><strong><em>διανοίας</em></strong></span> <span class='ocrx_word' id='word_1_165' title='bbox 545 2176 711 2258; x_wconf 79' lang='grc' dir='ltr'><em>κινήματα.</em></span> <span class='ocrx_word' id='word_1_166' title='bbox 750 2175 842 2240; x_wconf 66' lang='lat' dir='ltr'><strong>“cleos</strong></span> <span class='ocrx_word' id='word_1_167' title='bbox 863 2174 942 2260; x_wconf 68' lang='grc' dir='ltr'><strong>γὰρ’</strong></span> <span class='ocrx_word' id='word_1_168' title='bbox 964 2175 980 2240; x_wconf 86' lang='lat' dir='ltr'><strong>o‘</strong></span> <span class='ocrx_word' id='word_1_169' title='bbox 1002 2181 1099 2260; x_wconf 82' lang='grc' dir='ltr'><strong><em>μέγας</em></strong></span> <span class='ocrx_word' id='word_1_170' title='bbox 1121 2173 1218 2260; x_wconf 84' lang='grc' dir='ltr'><em>φησίν</em></span> <span class='ocrx_word' id='word_1_171' title='bbox 1230 2169 1382 2240; x_wconf 71' lang='grc' dir='ltr'><strong><em>Διονύσιος</em></strong></span> 
     </span>
     <span class='ocr_line' id='line_1_20' title="bbox 297 2271 1382 2359; baseline 0.003 -22"><span class='ocrx_word' id='word_1_172' title='bbox 297 2273 439 2339; x_wconf 78' lang='grc' dir='ltr'><strong><em>“ει’θε’ναι</em></strong></span> <span class='ocrx_word' id='word_1_173' title='bbox 461 2273 540 2342; x_wconf 75' lang='grc' dir='ltr'><em>κατὰ</em></span> <span class='ocrx_word' id='word_1_174' title='bbox 563 2274 618 2340; x_wconf 83' lang='grc' dir='ltr'><em>τόν</em></span> <span class='ocrx_word' id='word_1_175' title='bbox 641 2275 740 2359; x_wconf 80' lang='grc' dir='ltr'><em>ὀρθὸν</em></span> <span class='ocrx_word' id='word_1_176' title='bbox 762 2277 852 2359; x_wconf 84' lang='grc' dir='ltr'><strong><em>λόγον</em></strong></span> <span class='ocrx_word' id='word_1_177' title='bbox 873 2271 922 2341; x_wconf 78' lang='grc' dir='ltr'><em>ὅτι</em></span> <span class='ocrx_word' id='word_1_178' title='bbox 957 2280 1125 2359; x_wconf 80' lang='grc' dir='ltr'><strong><em>στοιχείοις</em></strong></span> <span class='ocrx_word' id='word_1_179' title='bbox 1148 2278 1203 2340; x_wconf 87' lang='grc' dir='ltr'><strong>καί</strong></span> <span class='ocrx_word' id='word_1_180' title='bbox 1224 2277 1382 2350; x_wconf 67' lang='grc' dir='ltr'><strong><em>συλλαβαῖς</em></strong></span> 
     </span>
     <span class='ocr_line' id='line_1_21' title="bbox 303 2363 1412 2468; baseline -0.002 -30"><span class='ocrx_word' id='word_1_181' title='bbox 303 2379 358 2439; x_wconf 87' lang='grc' dir='ltr'><strong>καί</strong></span> <span class='ocrx_word' id='word_1_182' title='bbox 377 2382 478 2456; x_wconf 84' lang='grc' dir='ltr'><strong><em>λε’ξεσι</em></strong></span> <span class='ocrx_word' id='word_1_183' title='bbox 501 2381 557 2441; x_wconf 84' lang='grc' dir='ltr'><strong>καί</strong></span> <span class='ocrx_word' id='word_1_184' title='bbox 576 2388 716 2463; x_wconf 78' lang='grc' dir='ltr'><strong>γραφαῖς</strong></span> <span class='ocrx_word' id='word_1_185' title='bbox 739 2381 792 2442; x_wconf 92' lang='grc' dir='ltr'><strong>καί</strong></span> <span class='ocrx_word' id='word_1_186' title='bbox 813 2378 915 2461; x_wconf 84' lang='grc' dir='ltr'><strong><em>λόγοις</em></strong></span> <span class='ocrx_word' id='word_1_187' title='bbox 942 2380 1099 2468; x_wconf 70' lang='grc' dir='ltr'><strong><em>χρώμεθα</em></strong></span> <span class='ocrx_word' id='word_1_188' title='bbox 1121 2375 1174 2440; x_wconf 78' lang='grc' dir='ltr'><strong>διαὶ</strong></span> <span class='ocrx_word' id='word_1_189' title='bbox 1198 2363 1412 2452; x_wconf 39' lang='lat' dir='ltr'><strong>solecismi-ll</strong></span> 
     </span>
     <span class='ocr_line' id='line_1_22' title="bbox 304 2465 1382 2563; baseline -0.007 -21"><span class='ocrx_word' id='word_1_190' title='bbox 304 2502 390 2556; x_wconf 86' lang='grc' dir='ltr'><strong><em>στις,</em></strong></span> <span class='ocrx_word' id='word_1_191' title='bbox 415 2477 458 2555; x_wconf 64' lang='grc' dir='ltr'><strong>οἷς</strong></span> <span class='ocrx_word' id='word_1_192' title='bbox 478 2471 557 2542; x_wconf 80' lang='grc' dir='ltr'><em>ὅταν</em></span> <span class='ocrx_word' id='word_1_193' title='bbox 585 2475 675 2562; x_wconf 75' lang='grc' dir='ltr'><em>ἡμῶν</em></span> <span class='ocrx_word' id='word_1_194' title='bbox 697 2479 714 2561; x_wconf 77' lang='grc' dir='ltr'><strong><em>ἡ</em></strong></span> <span class='ocrx_word' id='word_1_195' title='bbox 737 2479 828 2563; x_wconf 78' lang='grc' dir='ltr'><strong><em>ψυχῇ</em></strong></span> <span class='ocrx_word' id='word_1_196' title='bbox 852 2489 920 2555; x_wconf 79' lang='grc' dir='ltr'><em>ταῖς</em></span> <span class='ocrx_word' id='word_1_197' title='bbox 943 2489 1067 2562; x_wconf 85' lang='grc' dir='ltr'><strong><em>νοεραϊς</em></strong></span> <span class='ocrx_word' id='word_1_198' title='bbox 1089 2481 1263 2560; x_wconf 73' lang='grc' dir='ltr'><strong><em>ἐνεργείαις</em></strong></span> <span class='ocrx_word' id='word_1_199' title='bbox 1286 2475 1334 2539; x_wconf 83' lang='grc' dir='ltr'><em>ἑτιί</em></span> <span class='ocrx_word' id='word_1_200' title='bbox 1352 2465 1382 2534; x_wconf 79' lang='grc' dir='ltr'><em>τὰ</em></span> 
     </span>
    </p>

    <p class='ocr_par' dir='ltr' id='par_1_4' title="bbox 184 2568 1384 2776">
     <span class='ocr_line' id='line_1_23' title="bbox 184 2568 1384 2663; baseline -0.003 -18"><span class='ocrx_word' id='word_1_201' title='bbox 184 2576 400 2662; x_wconf 77' lang='grc' dir='ltr'><em>λ.138τ.νυητᾶ</em></span> <span class='ocrx_word' id='word_1_202' title='bbox 424 2583 570 2662; x_wconf 84' lang='grc' dir='ltr'><em>κινῇται,</em></span> <span class='ocrx_word' id='word_1_203' title='bbox 603 2581 749 2663; x_wconf 73' lang='grc' dir='ltr'><strong>ιιεριτταιΙ</strong></span> <span class='ocrx_word' id='word_1_204' title='bbox 776 2579 857 2661; x_wconf 72' lang='grc' dir='ltr'><strong><em>μετὰ</em></strong></span> <span class='ocrx_word' id='word_1_205' title='bbox 882 2583 944 2645; x_wconf 72' lang='grc' dir='ltr'><em>τοῦν</em></span> <span class='ocrx_word' id='word_1_206' title='bbox 968 2582 1130 2662; x_wconf 76' lang='grc' dir='ltr'><em>αἰσθητῶν</em></span> <span class='ocrx_word' id='word_1_207' title='bbox 1153 2577 1186 2644; x_wconf 71' lang='grc' dir='ltr'><strong>αἱ</strong></span> <span class='ocrx_word' id='word_1_208' title='bbox 1208 2568 1384 2658; x_wconf 67' lang='lat' dir='ltr'><strong>aiseium-&#39;¹</strong></span> 
     </span>
     <span class='ocr_line' id='line_1_24' title="bbox 238 2673 1384 2770; baseline -0.003 -28"><span class='ocrx_word' id='word_1_209' title='bbox 238 2677 357 2745; x_wconf 64' lang='lat' dir='ltr'><strong>scos&amp;</strong></span> <span class='ocrx_word' id='word_1_210' title='bbox 382 2679 443 2767; x_wconf 86' lang='grc' dir='ltr'><strong>γὰρ</strong></span> <span class='ocrx_word' id='word_1_211' title='bbox 465 2678 501 2744; x_wconf 86' lang='grc' dir='ltr'><em>τὸ</em></span> <span class='ocrx_word' id='word_1_212' title='bbox 522 2683 561 2767; x_wconf 87' lang='grc' dir='ltr'><em>τῇ</em></span> <span class='ocrx_word' id='word_1_213' title='bbox 583 2686 713 2769; x_wconf 83' lang='grc' dir='ltr'><strong><em>σαρκίνῇ</em></strong></span> <span class='ocrx_word' id='word_1_214' title='bbox 739 2678 892 2770; x_wconf 79' lang='grc' dir='ltr'><strong><em>περιβολῇ</em></strong></span> <span class='ocrx_word' id='word_1_215' title='bbox 913 2680 969 2766; x_wconf 79' lang='grc' dir='ltr'><strong>τῇν</strong></span> <span class='ocrx_word' id='word_1_216' title='bbox 992 2673 1091 2767; x_wconf 73' lang='grc' dir='ltr'><em>φύσιν</em></span> <span class='ocrx_word' id='word_1_217' title='bbox 1113 2681 1203 2765; x_wconf 75' lang='grc' dir='ltr'><em>ἡμῶν</em></span> <span class='ocrx_word' id='word_1_218' title='bbox 1224 2677 1384 2762; x_wconf 79' lang='grc' dir='ltr'><strong><em>περιείργε-</em></strong></span> 
     </span>
    </p>
   </div>
   <div class='ocr_carea' id='block_1_3' title="bbox 301 2978 1404 4269">
    <p class='ocr_par' dir='ltr' id='par_1_5' title="bbox 301 2978 1404 4269">
     <span class='ocr_line' id='line_1_25' title="bbox 403 2978 1404 3056; baseline -0.012 -18"><span class='ocrx_word' id='word_1_219' title='bbox 403 2983 454 3038; x_wconf 77' lang='lat' dir='ltr'><strong>liic</strong></span> <span class='ocrx_word' id='word_1_220' title='bbox 473 2986 551 3040; x_wconf 79' lang='lat' dir='ltr'><strong>(lictis</strong></span> <span class='ocrx_word' id='word_1_221' title='bbox 573 2987 678 3056; x_wconf 80' lang='lat' dir='ltr'><strong>quidam</strong></span> <span class='ocrx_word' id='word_1_222' title='bbox 698 2989 793 3052; x_wconf 87' lang='lat' dir='ltr'><strong>exiis,</strong></span> <span class='ocrx_word' id='word_1_223' title='bbox 813 2987 857 3055; x_wconf 89' lang='lat' dir='ltr'><strong>qui</strong></span> <span class='ocrx_word' id='word_1_224' title='bbox 886 2987 913 3038; x_wconf 90' lang='lat' dir='ltr'><strong>in</strong></span> <span class='ocrx_word' id='word_1_225' title='bbox 933 2986 1049 3038; x_wconf 91' lang='lat' dir='ltr'><strong>concilio</strong></span> <span class='ocrx_word' id='word_1_226' title='bbox 1071 2993 1154 3049; x_wconf 78' lang='lat' dir='ltr'><strong>erant,</strong></span> <span class='ocrx_word' id='word_1_227' title='bbox 1174 2982 1323 3037; x_wconf 75' lang='lat' dir='ltr'><strong>amicissimi</strong></span> <span class='ocrx_word' id='word_1_228' title='bbox 1341 2978 1381 3030; x_wconf 86' lang='lat' dir='ltr'><strong>Ps-</strong></span> <span class='ocrx_word' id='word_1_229' title='bbox 1401 3007 1404 3027; x_wconf 82' lang='grc'>.</span> 
     </span>
     <span class='ocr_line' id='line_1_26' title="bbox 302 3055 1381 3130; baseline -0.007 -20"><span class='ocrx_word' id='word_1_230' title='bbox 302 3058 388 3110; x_wconf 76' lang='lat' dir='ltr'><strong>lamae</strong></span> <span class='ocrx_word' id='word_1_231' title='bbox 409 3067 436 3109; x_wconf 87' lang='lat' dir='ltr'><strong>ct</strong></span> <span class='ocrx_word' id='word_1_232' title='bbox 454 3061 653 3111; x_wconf 87' lang='lat' dir='ltr'><strong>consentientes</strong></span> <span class='ocrx_word' id='word_1_233' title='bbox 673 3076 731 3112; x_wconf 91' lang='lat' dir='ltr'><strong>cum</strong></span> <span class='ocrx_word' id='word_1_234' title='bbox 753 3073 786 3109; x_wconf 90' lang='lat' dir='ltr'><strong>eo</strong></span> <span class='ocrx_word' id='word_1_235' title='bbox 807 3067 832 3111; x_wconf 88' lang='lat' dir='ltr'><strong>et</strong></span> <span class='ocrx_word' id='word_1_236' title='bbox 849 3059 933 3118; x_wconf 82' lang='lat' dir='ltr'><strong>socii,</strong></span> <span class='ocrx_word' id='word_1_237' title='bbox 950 3060 1116 3112; x_wconf 83' lang='lat' dir='ltr'><strong>insonarunt</strong></span> <span class='ocrx_word' id='word_1_238' title='bbox 1135 3059 1166 3108; x_wconf 81' lang='lat' dir='ltr'><strong>od</strong></span> <span class='ocrx_word' id='word_1_239' title='bbox 1185 3071 1275 3108; x_wconf 83' lang='lat' dir='ltr'><strong>susem</strong></span> <span class='ocrx_word' id='word_1_240' title='bbox 1295 3055 1381 3130; x_wconf 82' lang='lat' dir='ltr'><strong>Grego-</strong></span> 
     </span>
     <span class='ocr_line' id='line_1_27' title="bbox 304 3129 1381 3196; baseline -0.011 -15"><span class='ocrx_word' id='word_1_241' title='bbox 304 3146 360 3194; x_wconf 83' lang='lat' dir='ltr'><strong>rae,</strong></span> <span class='ocrx_word' id='word_1_242' title='bbox 380 3146 414 3180; x_wconf 90' lang='lat' dir='ltr'><strong>nc</strong></span> <span class='ocrx_word' id='word_1_243' title='bbox 434 3129 560 3182; x_wconf 88' lang='lat' dir='ltr'><strong>illuderet</strong></span> <span class='ocrx_word' id='word_1_244' title='bbox 585 3147 655 3182; x_wconf 84' lang='lat' dir='ltr'><strong>neve</strong></span> <span class='ocrx_word' id='word_1_245' title='bbox 676 3132 742 3182; x_wconf 82' lang='lat' dir='ltr'><strong>adeo</strong></span> <span class='ocrx_word' id='word_1_246' title='bbox 764 3130 889 3181; x_wconf 78' lang='lat' dir='ltr'><strong>irrideret</strong></span> <span class='ocrx_word' id='word_1_247' title='bbox 918 3133 1071 3196; x_wconf 88' lang='lat' dir='ltr'><strong>episcopum</strong></span> <span class='ocrx_word' id='word_1_248' title='bbox 1097 3129 1203 3196; x_wconf 82' lang='lat' dir='ltr'><strong>cupillis</strong></span> <span class='ocrx_word' id='word_1_249' title='bbox 1229 3129 1381 3178; x_wconf 75' lang='lat' dir='ltr'><strong>canescenti-</strong></span> 
     </span>
     <span class='ocr_line' id='line_1_28' title="bbox 301 3194 1381 3274; baseline -0.008 -22"><span class='ocrx_word' id='word_1_250' title='bbox 301 3200 361 3252; x_wconf 85' lang='lat' dir='ltr'>bus.</span> <span class='ocrx_word' id='word_1_251' title='bbox 399 3201 592 3268; x_wconf 82' lang='lat' dir='ltr'><strong>aliquantulum</strong></span> <span class='ocrx_word' id='word_1_252' title='bbox 619 3203 701 3270; x_wconf 83' lang='lat' dir='ltr'><strong>igitur</strong></span> <span class='ocrx_word' id='word_1_253' title='bbox 721 3201 853 3267; x_wconf 84' lang='lat' dir='ltr'><strong>Gregorus</strong></span> <span class='ocrx_word' id='word_1_254' title='bbox 878 3203 1002 3253; x_wconf 90' lang='lat' dir='ltr'><strong>desinens</strong></span> <span class='ocrx_word' id='word_1_255' title='bbox 1029 3210 1055 3252; x_wconf 89' lang='lat' dir='ltr'><strong>et</strong></span> <span class='ocrx_word' id='word_1_256' title='bbox 1075 3202 1144 3252; x_wconf 89' lang='lat' dir='ltr'><strong>dicto</strong></span> <span class='ocrx_word' id='word_1_257' title='bbox 1164 3200 1275 3251; x_wconf 84' lang='lat' dir='ltr'><strong>audiens</strong></span> <span class='ocrx_word' id='word_1_258' title='bbox 1295 3194 1381 3274; x_wconf 75' lang='lat' dir='ltr'><strong>oratio-¹</strong></span> 
     </span>
     <span class='ocr_line' id='line_1_29' title="bbox 302 3272 1381 3340; baseline -0.011 -17"><span class='ocrx_word' id='word_1_259' title='bbox 302 3287 362 3323; x_wconf 87' lang='lat' dir='ltr'><strong>nem</strong></span> <span class='ocrx_word' id='word_1_260' title='bbox 392 3273 479 3323; x_wconf 85' lang='lat' dir='ltr'><strong>denuo</strong></span> <span class='ocrx_word' id='word_1_261' title='bbox 505 3275 632 3340; x_wconf 80' lang='lat' dir='ltr'><strong>suscepit.</strong></span> <span class='ocrx_word' id='word_1_262' title='bbox 671 3280 731 3325; x_wconf 87' lang='lat' dir='ltr'><strong>sunt</strong></span> <span class='ocrx_word' id='word_1_263' title='bbox 752 3274 867 3339; x_wconf 88' lang='lat' dir='ltr'><strong>quidem,</strong></span> <span class='ocrx_word' id='word_1_264' title='bbox 893 3274 988 3340; x_wconf 89' lang='lat' dir='ltr'><strong>inquit,</strong></span> <span class='ocrx_word' id='word_1_265' title='bbox 1007 3272 1116 3337; x_wconf 79' lang='lat' dir='ltr'><strong>linguae</strong></span> <span class='ocrx_word' id='word_1_266' title='bbox 1139 3272 1298 3322; x_wconf 84' lang='lat' dir='ltr'><strong>mutationes</strong></span> <span class='ocrx_word' id='word_1_267' title='bbox 1316 3276 1381 3316; x_wconf 74' lang='lat' dir='ltr'><strong>sormi</strong></span> 
     </span>
     <span class='ocr_line' id='line_1_30' title="bbox 303 3343 1380 3411; baseline -0.006 -18"><span class='ocrx_word' id='word_1_268' title='bbox 303 3343 475 3393; x_wconf 80' lang='lat' dir='ltr'><strong>mutationum</strong></span> <span class='ocrx_word' id='word_1_269' title='bbox 495 3344 589 3411; x_wconf 82' lang='lat' dir='ltr'><strong>signs:</strong></span> <span class='ocrx_word' id='word_1_270' title='bbox 610 3352 637 3394; x_wconf 90' lang='lat' dir='ltr'><strong>et</strong></span> <span class='ocrx_word' id='word_1_271' title='bbox 654 3344 749 3396; x_wconf 84' lang='lat' dir='ltr'><strong>literae</strong></span> <span class='ocrx_word' id='word_1_272' title='bbox 768 3347 939 3394; x_wconf 87' lang='lat' dir='ltr'><strong>mutationum</strong></span> <span class='ocrx_word' id='word_1_273' title='bbox 961 3344 1077 3410; x_wconf 85' lang='lat' dir='ltr'><strong>linguae,</strong></span> <span class='ocrx_word' id='word_1_274' title='bbox 1098 3359 1165 3410; x_wconf 83' lang='lat' dir='ltr'><strong>quoe</strong></span> <span class='ocrx_word' id='word_1_275' title='bbox 1187 3343 1292 3409; x_wconf 88' lang='lat' dir='ltr'><strong>quidem</strong></span> <span class='ocrx_word' id='word_1_276' title='bbox 1310 3346 1380 3388; x_wconf 74' lang='lat' dir='ltr'><strong>cunt</strong></span> 
     </span>
     <span class='ocr_line' id='line_1_31' title="bbox 303 3410 1381 3479; baseline -0.005 -15"><span class='ocrx_word' id='word_1_277' title='bbox 303 3422 397 3466; x_wconf 81' lang='lat' dir='ltr'><strong>notura</strong></span> <span class='ocrx_word' id='word_1_278' title='bbox 416 3414 452 3464; x_wconf 85' lang='lat' dir='ltr'><strong>sit</strong></span> <span class='ocrx_word' id='word_1_279' title='bbox 480 3415 667 3478; x_wconf 79' lang='lat' dir='ltr'><strong>inarticulata,</strong></span> <span class='ocrx_word' id='word_1_280' title='bbox 687 3415 828 3466; x_wconf 77' lang='lat' dir='ltr'><strong>articulata</strong></span> <span class='ocrx_word' id='word_1_281' title='bbox 854 3423 894 3466; x_wconf 86' lang='lat' dir='ltr'><strong>est</strong></span> <span class='ocrx_word' id='word_1_282' title='bbox 914 3416 1121 3479; x_wconf 83' lang='lat' dir='ltr'><strong>compositione,</strong></span> <span class='ocrx_word' id='word_1_283' title='bbox 1142 3413 1245 3464; x_wconf 80' lang='lat' dir='ltr'><strong>auxilio</strong></span> <span class='ocrx_word' id='word_1_284' title='bbox 1264 3410 1381 3462; x_wconf 76' lang='lat' dir='ltr'><strong>nominum</strong></span> 
     </span>
     <span class='ocr_line' id='line_1_32' title="bbox 304 3478 1380 3556; baseline -0.003 -22"><span class='ocrx_word' id='word_1_285' title='bbox 304 3492 331 3534; x_wconf 89' lang='lat' dir='ltr'><strong>et</strong></span> <span class='ocrx_word' id='word_1_286' title='bbox 351 3484 492 3535; x_wconf 83' lang='lat' dir='ltr'><strong>verborum</strong></span> <span class='ocrx_word' id='word_1_287' title='bbox 511 3485 544 3536; x_wconf 83' lang='lat' dir='ltr'><strong>ob</strong></span> <span class='ocrx_word' id='word_1_288' title='bbox 563 3486 713 3538; x_wconf 89' lang='lat' dir='ltr'><strong>hominibus</strong></span> <span class='ocrx_word' id='word_1_289' title='bbox 733 3488 847 3552; x_wconf 88' lang='lat' dir='ltr'><strong>posteris</strong></span> <span class='ocrx_word' id='word_1_290' title='bbox 867 3488 1044 3538; x_wconf 88' lang='lat' dir='ltr'><strong>inventorum.</strong></span> <span class='ocrx_word' id='word_1_291' title='bbox 1082 3486 1167 3552; x_wconf 85' lang='lat' dir='ltr'><strong>prima</strong></span> <span class='ocrx_word' id='word_1_292' title='bbox 1185 3486 1254 3534; x_wconf 88' lang='lat' dir='ltr'><strong>enim</strong></span> <span class='ocrx_word' id='word_1_293' title='bbox 1274 3478 1380 3556; x_wconf 69' lang='lat' dir='ltr'><strong>quonitpt</strong></span> 
     </span>
     <span class='ocr_line' id='line_1_33' title="bbox 302 3553 1380 3624; baseline -0.006 -16"><span class='ocrx_word' id='word_1_294' title='bbox 302 3563 396 3608; x_wconf 80' lang='lat' dir='ltr'><strong>natura</strong></span> <span class='ocrx_word' id='word_1_295' title='bbox 413 3555 545 3622; x_wconf 82' lang='lat' dir='ltr'><strong>simplicio</strong></span> <span class='ocrx_word' id='word_1_296' title='bbox 572 3566 651 3621; x_wconf 83' lang='lat' dir='ltr'><strong>sunt,</strong></span> <span class='ocrx_word' id='word_1_297' title='bbox 677 3559 755 3608; x_wconf 86' lang='lat' dir='ltr'><strong>etiam</strong></span> <span class='ocrx_word' id='word_1_298' title='bbox 783 3561 872 3624; x_wconf 85' lang='lat' dir='ltr'><strong>priora</strong></span> <span class='ocrx_word' id='word_1_299' title='bbox 898 3558 1015 3608; x_wconf 78' lang='lat' dir='ltr'><strong>tractatis</strong></span> <span class='ocrx_word' id='word_1_300' title='bbox 1046 3565 1074 3607; x_wconf 88' lang='lat' dir='ltr'><strong>et</strong></span> <span class='ocrx_word' id='word_1_301' title='bbox 1096 3556 1250 3621; x_wconf 86' lang='lat' dir='ltr'><strong>compositis</strong></span> <span class='ocrx_word' id='word_1_302' title='bbox 1276 3553 1380 3605; x_wconf 68' lang='lat' dir='ltr'><strong>veritoitt</strong></span> 
     </span>
     <span class='ocr_line' id='line_1_34' title="bbox 304 3619 1379 3698; baseline -0.007 -20"><span class='ocrx_word' id='word_1_303' title='bbox 304 3627 409 3678; x_wconf 81' lang='lat' dir='ltr'><strong>censuit</strong></span> <span class='ocrx_word' id='word_1_304' title='bbox 437 3642 497 3679; x_wconf 84' lang='lat' dir='ltr'><strong>esso</strong></span> <span class='ocrx_word' id='word_1_305' title='bbox 522 3629 600 3678; x_wconf 77' lang='lat' dir='ltr'><strong>ratio.</strong></span> <span class='ocrx_word' id='word_1_306' title='bbox 642 3630 746 3695; x_wconf 80' lang='lat' dir='ltr'><strong>priores</strong></span> <span class='ocrx_word' id='word_1_307' title='bbox 771 3631 853 3696; x_wconf 85' lang='lat' dir='ltr'><strong>igitur</strong></span> <span class='ocrx_word' id='word_1_308' title='bbox 879 3628 988 3696; x_wconf 84' lang='lat' dir='ltr'><strong>linguae</strong></span> <span class='ocrx_word' id='word_1_309' title='bbox 1017 3627 1228 3694; x_wconf 79' lang='lat' dir='ltr'><strong>significantibus</strong></span> <span class='ocrx_word' id='word_1_310' title='bbox 1248 3619 1379 3698; x_wconf 62' lang='lat' dir='ltr'><strong>nominibus</strong></span> 
     </span>
     <span class='ocr_line' id='line_1_35' title="bbox 304 3697 1379 3766; baseline -0.005 -18"><span class='ocrx_word' id='word_1_311' title='bbox 304 3697 447 3766; x_wconf 79' lang='lat' dir='ltr'><strong>verbisque</strong></span> <span class='ocrx_word' id='word_1_312' title='bbox 469 3708 529 3750; x_wconf 90' lang='lat' dir='ltr'><strong>sunt</strong></span> <span class='ocrx_word' id='word_1_313' title='bbox 548 3701 627 3750; x_wconf 86' lang='lat' dir='ltr'><strong>animi</strong></span> <span class='ocrx_word' id='word_1_314' title='bbox 646 3702 806 3752; x_wconf 79' lang='lat' dir='ltr'><strong>mutationes</strong></span> <span class='ocrx_word' id='word_1_315' title='bbox 828 3702 886 3751; x_wconf 85' lang='lat' dir='ltr'><strong>sive</strong></span> <span class='ocrx_word' id='word_1_316' title='bbox 906 3702 1031 3766; x_wconf 83' lang='lat' dir='ltr'><strong>cogitato,</strong></span> <span class='ocrx_word' id='word_1_317' title='bbox 1052 3701 1130 3749; x_wconf 82' lang='lat' dir='ltr'><strong>insita</strong></span> <span class='ocrx_word' id='word_1_318' title='bbox 1151 3699 1220 3748; x_wconf 87' lang='lat' dir='ltr'><strong>enirn</strong></span> <span class='ocrx_word' id='word_1_319' title='bbox 1239 3703 1379 3755; x_wconf 76' lang='lat' dir='ltr'><strong>sunteogl-</strong></span> 
     </span>
     <span class='ocr_line' id='line_1_36' title="bbox 304 3761 1379 3842; baseline -0.003 -22"><span class='ocrx_word' id='word_1_320' title='bbox 304 3776 358 3820; x_wconf 75' lang='lat' dir='ltr'><strong>tota</strong></span> <span class='ocrx_word' id='word_1_321' title='bbox 378 3777 404 3820; x_wconf 84' lang='lat' dir='ltr'><strong>et</strong></span> <span class='ocrx_word' id='word_1_322' title='bbox 424 3784 457 3820; x_wconf 87' lang='lat' dir='ltr'><strong>ex</strong></span> <span class='ocrx_word' id='word_1_323' title='bbox 478 3771 569 3821; x_wconf 79' lang='lat' dir='ltr'><strong>lunato</strong></span> <span class='ocrx_word' id='word_1_324' title='bbox 589 3770 662 3822; x_wconf 86' lang='lat' dir='ltr'><strong>fonte</strong></span> <span class='ocrx_word' id='word_1_325' title='bbox 682 3780 802 3822; x_wconf 80' lang='lat' dir='ltr'><strong>manunt:</strong></span> <span class='ocrx_word' id='word_1_326' title='bbox 822 3771 869 3822; x_wconf 82' lang='lat' dir='ltr'><strong>illa</strong></span> <span class='ocrx_word' id='word_1_327' title='bbox 890 3779 976 3821; x_wconf 85' lang='lat' dir='ltr'><strong>nutem</strong></span> <span class='ocrx_word' id='word_1_328' title='bbox 999 3777 1107 3836; x_wconf 80' lang='lat' dir='ltr'><strong>postera</strong></span> <span class='ocrx_word' id='word_1_329' title='bbox 1126 3777 1151 3819; x_wconf 91' lang='lat' dir='ltr'><strong>et</strong></span> <span class='ocrx_word' id='word_1_330' title='bbox 1173 3768 1280 3818; x_wconf 82' lang='lat' dir='ltr'><strong>adscita!</strong></span> <span class='ocrx_word' id='word_1_331' title='bbox 1300 3761 1379 3842; x_wconf 66' lang='lat' dir='ltr'><strong>quil}us</strong></span> 
     </span>
     <span class='ocr_line' id='line_1_37' title="bbox 303 3835 1379 3910; baseline -0.011 -20"><span class='ocrx_word' id='word_1_332' title='bbox 303 3853 357 3890; x_wconf 91' lang='lat' dir='ltr'><strong>non</strong></span> <span class='ocrx_word' id='word_1_333' title='bbox 377 3855 443 3906; x_wconf 87' lang='lat' dir='ltr'><strong>opus</strong></span> <span class='ocrx_word' id='word_1_334' title='bbox 465 3849 536 3892; x_wconf 86' lang='lat' dir='ltr'><strong>esset</strong></span> <span class='ocrx_word' id='word_1_335' title='bbox 553 3841 713 3906; x_wconf 85' lang='lat' dir='ltr'><strong>hominibus,</strong></span> <span class='ocrx_word' id='word_1_336' title='bbox 731 3845 753 3894; x_wconf 92' lang='lat' dir='ltr'><strong>si</strong></span> <span class='ocrx_word' id='word_1_337' title='bbox 773 3841 886 3893; x_wconf 82' lang='lat' dir='ltr'><strong>facultas</strong></span> <span class='ocrx_word' id='word_1_338' title='bbox 900 3849 1054 3908; x_wconf 79' lang='lat' dir='ltr'><strong>suppeteret</strong></span> <span class='ocrx_word' id='word_1_339' title='bbox 1069 3841 1264 3892; x_wconf 80' lang='lat' dir='ltr'><strong>demonstrandi</strong></span> <span class='ocrx_word' id='word_1_340' title='bbox 1282 3835 1328 3888; x_wconf 90' lang='lat' dir='ltr'><strong>sibi</strong></span> <span class='ocrx_word' id='word_1_341' title='bbox 1344 3844 1379 3910; x_wconf 81' lang='grc' dir='ltr'><em>ιιι-</em></span> 
     </span>
     <span class='ocr_line' id='line_1_38' title="bbox 304 3911 1378 3979; baseline -0.007 -18"><span class='ocrx_word' id='word_1_342' title='bbox 304 3912 391 3961; x_wconf 76' lang='lat' dir='ltr'><strong>vicem</strong></span> <span class='ocrx_word' id='word_1_343' title='bbox 410 3913 489 3962; x_wconf 78' lang='lat' dir='ltr'><strong>animi</strong></span> <span class='ocrx_word' id='word_1_344' title='bbox 503 3915 644 3964; x_wconf 87' lang='lat' dir='ltr'><strong>motiones.</strong></span> <span class='ocrx_word' id='word_1_345' title='bbox 681 3929 795 3964; x_wconf 88' lang='lat' dir='ltr'><strong>necesse</strong></span> <span class='ocrx_word' id='word_1_346' title='bbox 807 3921 847 3962; x_wconf 86' lang='lat' dir='ltr'><strong>est</strong></span> <span class='ocrx_word' id='word_1_347' title='bbox 866 3915 944 3975; x_wconf 88' lang='lat' dir='ltr'><strong>enim,</strong></span> <span class='ocrx_word' id='word_1_348' title='bbox 965 3914 1003 3962; x_wconf 83' lang='lat' dir='ltr'><strong>nit</strong></span> <span class='ocrx_word' id='word_1_349' title='bbox 1023 3913 1167 3976; x_wconf 75' lang='lat' dir='ltr'><strong>Dionysius</strong></span> <span class='ocrx_word' id='word_1_350' title='bbox 1188 3924 1305 3977; x_wconf 82' lang='lat' dir='ltr'><strong>magnus,</strong></span> <span class='ocrx_word' id='word_1_351' title='bbox 1322 3911 1378 3979; x_wconf 66' lang='lat' dir='ltr'><strong>scut</strong></span> 
     </span>
     <span class='ocr_line' id='line_1_39' title="bbox 304 3982 1377 4050; baseline -0.015 -16"><span class='ocrx_word' id='word_1_352' title='bbox 304 3983 449 4034; x_wconf 85' lang='lat' dir='ltr'><strong>secuudum</strong></span> <span class='ocrx_word' id='word_1_353' title='bbox 470 3985 497 4036; x_wconf 87' lang='lat' dir='ltr'><strong>id</strong></span> <span class='ocrx_word' id='word_1_354' title='bbox 516 3985 586 4050; x_wconf 89' lang='lat' dir='ltr'><strong>quod</strong></span> <span class='ocrx_word' id='word_1_355' title='bbox 607 3999 697 4034; x_wconf 90' lang='lat' dir='ltr'><strong>verum</strong></span> <span class='ocrx_word' id='word_1_356' title='bbox 716 3993 765 4047; x_wconf 87' lang='lat' dir='ltr'><strong>est,</strong></span> <span class='ocrx_word' id='word_1_357' title='bbox 783 3999 831 4034; x_wconf 90' lang='lat' dir='ltr'><strong>nos</strong></span> <span class='ocrx_word' id='word_1_358' title='bbox 850 3983 936 4034; x_wconf 89' lang='lat' dir='ltr'><strong>literis</strong></span> <span class='ocrx_word' id='word_1_359' title='bbox 956 3992 982 4033; x_wconf 88' lang='lat' dir='ltr'><strong>et</strong></span> <span class='ocrx_word' id='word_1_360' title='bbox 1000 3982 1110 4048; x_wconf 75' lang='lat' dir='ltr'><strong>syllabis</strong></span> <span class='ocrx_word' id='word_1_361' title='bbox 1131 3989 1157 4032; x_wconf 90' lang='lat' dir='ltr'><strong>et</strong></span> <span class='ocrx_word' id='word_1_362' title='bbox 1176 3983 1266 4032; x_wconf 86' lang='lat' dir='ltr'><strong>verbis</strong></span> <span class='ocrx_word' id='word_1_363' title='bbox 1284 3985 1309 4028; x_wconf 88' lang='lat' dir='ltr'><strong>et</strong></span> <span class='ocrx_word' id='word_1_364' title='bbox 1321 3986 1377 4048; x_wconf 77' lang='grc' dir='ltr'><strong>σαι-Ι</strong></span> 
     </span>
     <span class='ocr_line' id='line_1_40' title="bbox 304 4041 1377 4124; baseline -0.005 -21"><span class='ocrx_word' id='word_1_365' title='bbox 304 4055 388 4119; x_wconf 88' lang='lat' dir='ltr'><strong>pturis</strong></span> <span class='ocrx_word' id='word_1_366' title='bbox 407 4054 445 4105; x_wconf 90' lang='lat' dir='ltr'><strong>uti</strong></span> <span class='ocrx_word' id='word_1_367' title='bbox 465 4063 573 4122; x_wconf 86' lang='lat' dir='ltr'><strong>propter</strong></span> <span class='ocrx_word' id='word_1_368' title='bbox 592 4055 846 4117; x_wconf 80' lang='lat' dir='ltr'><strong>animadversiones,</strong></span> <span class='ocrx_word' id='word_1_369' title='bbox 867 4071 924 4105; x_wconf 92' lang='lat' dir='ltr'><strong>cum</strong></span> <span class='ocrx_word' id='word_1_370' title='bbox 941 4055 986 4104; x_wconf 91' lang='lat' dir='ltr'><strong>ubi</strong></span> <span class='ocrx_word' id='word_1_371' title='bbox 1006 4054 1107 4104; x_wconf 84' lang='lat' dir='ltr'><strong>animus</strong></span> <span class='ocrx_word' id='word_1_372' title='bbox 1117 4060 1209 4103; x_wconf 84' lang='lat' dir='ltr'><strong>noster</strong></span> <span class='ocrx_word' id='word_1_373' title='bbox 1228 4041 1377 4124; x_wconf 72' lang='lat' dir='ltr'><strong>intelligent</strong></span> 
     </span>
     <span class='ocr_line' id='line_1_41' title="bbox 303 4115 1377 4194; baseline -0.01 -18"><span class='ocrx_word' id='word_1_374' title='bbox 303 4124 405 4177; x_wconf 75' lang='lat' dir='ltr'><strong>viribus</strong></span> <span class='ocrx_word' id='word_1_375' title='bbox 423 4127 455 4178; x_wconf 81' lang='lat' dir='ltr'><strong>od</strong></span> <span class='ocrx_word' id='word_1_376' title='bbox 475 4141 505 4176; x_wconf 85' lang='grc' dir='ltr'><strong>εα</strong></span> <span class='ocrx_word' id='word_1_377' title='bbox 525 4142 593 4192; x_wconf 84' lang='lat' dir='ltr'><strong>quae</strong></span> <span class='ocrx_word' id='word_1_378' title='bbox 611 4125 730 4194; x_wconf 84' lang='lat' dir='ltr'><strong>intelligi</strong></span> <span class='ocrx_word' id='word_1_379' title='bbox 747 4134 861 4194; x_wconf 86' lang='lat' dir='ltr'><strong>possunt</strong></span> <span class='ocrx_word' id='word_1_380' title='bbox 874 4134 1005 4189; x_wconf 84' lang='lat' dir='ltr'><strong>movetur,</strong></span> <span class='ocrx_word' id='word_1_381' title='bbox 1026 4142 1083 4176; x_wconf 92' lang='lat' dir='ltr'><strong>cum</strong></span> <span class='ocrx_word' id='word_1_382' title='bbox 1103 4123 1290 4174; x_wconf 77' lang='lat' dir='ltr'><strong>animadversis</strong></span> <span class='ocrx_word' id='word_1_383' title='bbox 1307 4115 1377 4168; x_wconf 81' lang='lat' dir='ltr'><strong>reln-</strong></span> 
     </span>
     <span class='ocr_line' id='line_1_42' title="bbox 304 4193 1375 4269; baseline -0.011 -21"><span class='ocrx_word' id='word_1_384' title='bbox 304 4204 418 4269; x_wconf 85' lang='lat' dir='ltr'><strong>quuutur</strong></span> <span class='ocrx_word' id='word_1_385' title='bbox 436 4199 691 4250; x_wconf 79' lang='lat' dir='ltr'><strong>animadversiones.</strong></span> <span class='ocrx_word' id='word_1_386' title='bbox 739 4213 798 4252; x_wconf 87' lang='lat' dir='ltr'><strong>cum</strong></span> <span class='ocrx_word' id='word_1_387' title='bbox 826 4201 897 4250; x_wconf 87' lang='lat' dir='ltr'><strong>enim</strong></span> <span class='ocrx_word' id='word_1_388' title='bbox 916 4214 996 4253; x_wconf 82' lang='lat' dir='ltr'><strong>carne</strong></span> <span class='ocrx_word' id='word_1_389' title='bbox 1014 4197 1174 4250; x_wconf 83' lang='lat' dir='ltr'><strong>circumdato</strong></span> <span class='ocrx_word' id='word_1_390' title='bbox 1195 4204 1285 4248; x_wconf 78' lang='lat' dir='ltr'><strong>nature</strong></span> <span class='ocrx_word' id='word_1_391' title='bbox 1301 4193 1375 4242; x_wconf 75' lang='lat' dir='ltr'><strong>nostra</strong></span> 
     </span>
    </p>
   </div>
   <div class='ocr_carea' id='block_1_4' title="bbox 0 0 1460 4896">
    <p class='ocr_par' dir='ltr' id='par_1_6' title="bbox 0 0 1460 4896">
     <span class='ocr_line' id='line_1_43' title="bbox 0 0 1460 4896; baseline 0 0"><span class='ocrx_word' id='word_1_392' title='bbox 0 0 1460 4896; x_wconf 95' lang='lat' dir='ltr'><strong> </strong></span> 
     </span>
    </p>
   </div>
  </div>
 </body>
</html>
