2952 4902
167 375 392 445 nrsronnn
420 375 678 448 srzlnmntn
705 382 816 448 xxvi.
840 365 1050 452 ts-ts..
1091 381 1160 455 tot

75 539 182 621 δαίμων
202 542 357 607 ἐπαντλεῖ
384 539 421 608 τύ
446 543 599 626 δεύτερα,
622 543 703 609 sciui
721 543 844 621 τούτοις
872 540 918 611 αδ
938 541 988 612 ciet*
1008 547 1045 615 τδι
1061 546 1163 631 μειζιο

75 644 119 706 καί
134 644 266 728 μηδαμῇ
289 641 546 726 προσδοκώμενα.
570 643 697 730 ναίμὴν
716 649 772 711 κατ’
784 641 845 712 don
859 652 921 714 τῶν
942 674 1164 732 παρεσκευασ-

73 745 161 824 μένων
190 741 325 826 βέβαιόν
345 770 377 811 τε
409 749 464 810 καί
492 747 772 834 α”ναμφίλεκτον
753 773 838 831 σχειν
861 752 951 815 δοκεῖ
966 775 1032 826 ποος
1052 749 1086 818 sd
1110 744 1164 816 sd·

73 847 181 926 λοιμον,
196 871 249 910 και
246 838 313 924 οἷς
326 844 431 924 οοδείς
445 848 513 912 ούδ’
528 847 660 914 terrete
677 849 777 914 oo'd'‘
760 856 866 916 οιιοῦν
882 849 948 934 ἔχει
960 857 1162 977 μέμφεσθαι,

54 941 186 1011 iiodtv’
171 971 202 1023 ις
214 943 389 1031 ἑσπέραν·
367 927 605 1032 ανατρεπύμῖνα
620 947 722 1016 πάντα
737 961 852 1034 κεῖται,
868 977 920 1017 και
938 957 971 1030 ἐς
985 953 1164 1020 ιούναντίον

72 1037 246 1130 περιχωρεῖ,
263 1049 320 1114 καί
340 1050 447 1142 ρρῖστα
458 1054 503 1140 κρῖ
523 1055 575 1135 τῆς
596 1052 754 1137 ύμαρτίας
773 1057 954 1136 περιτρέπει
971 1058 1110 1134 δαίμονι,
1130 1057 1163 1133 ἐξ

72 1148 163 1212 oiseis
184 1151 410 1237 ἀπηρτισμένα
444 1157 559 1228 τελέως
588 1156 686 1219 εἰπεῖν
716 1153 923 1237 ἁρπαζόμενοι
946 1161 1009 1219 τῶν
1030 1157 1160 1240 χειρῶν.

72 1252 116 1313 καί
141 1249 193 1314 αἐί
220 1253 353 1329 πλείους
382 1251 438 1320 καί
470 1253 631 1337 κρείττους
662 1258 843 1340 κεκτημένοι
874 1257 1074 1338 πολλαχόθεν
1104 1257 1162 1332 adt

73 1351 207 1432 α’φορμύς
230 1356 294 1418 τῶν
322 1360 474 1438 μαχίμων
494 1379 739 1440 παρασκεοων,
748 1351 859 1440 ἥττους
886 1358 920 1422 ἒν
941 1364 1018 1432 τοῖς
1015 1363 1162 1440 καιριόις

40 1445 200 1517 λλὲκύστοτε
223 1481 341 1549 μακριρ
364 1461 426 1523 τύν
446 1461 605 1538 πολεμίων
619 1460 767 1544 ἐξαίφνης
790 1457 991 1544 φαινόμεθα·
1036 1480 1086 1521 και
1111 1456 1163 1520 αἐι
1212 1511 1214 1515 .
1237 1485 1241 1496 ·

70 1559 199 1672 γέμοντες
221 1557 363 1623 ἐλπίδων
383 1547 543 1644 χ’ρηστῶν,
562 1558 615 1624 ἀει
634 1562 765 1644 μακρῶν
788 1560 844 1623 ούκ
866 1561 912 1633 εἷς
933 1583 1059 1642 μακραν
1079 1559 1161 1623 n’no·

71 1652 198 1736 γνύὰεων
228 1654 310 1732 τούς
337 1656 371 1724 ἔν
404 1662 486 1726 ester
502 1684 681 1744 τρογωμεν
713 1657 863 1744 καρπούς.
915 1655 932 1722 ὃ
962 1663 1016 1724 καί
1034 1662 1225 1743 μακροῖςςε

72 1762 237 1842 περιίστησί
256 1783 314 1840 μοι
339 1758 396 1836 τὰς
418 1760 574 1845 α’ποριάς,
602 1763 658 1826 κατ’
681 1769 807 1838 πολλοῖς
835 1765 890 1827 καί
922 1761 1009 1842 μύλα
1031 1759 1160 1837 αἰὸποις

71 1860 236 1939 περικλύζει
258 1871 327 1937 τοῖς
349 1864 494 1927 ε’νεεύθεν
516 1860 670 1950 κύμασιν,
705 1864 748 1940 οἷς
770 1868 851 1951 μηδὲ
874 1862 931 1949 τὴν
951 1868 1091 1948 γλῶτταν
1114 1860 1160 1928 ἔτι

40 1967 62 2021 15
72 1959 162 2041 πρὸοοι
184 1961 350 2029 δύνασθαι
374 1973 480 2046 κινεῖν,
503 1968 646 2050 χείροσιν
665 1967 719 2030 αἐί
739 1967 929 2050 διῄγήμασιν
950 1965 1162 2048 ἐντυγχάνου-

71 2085 126 2128 οον.
165 2063 221 2130 καί
245 2058 287 2150 ἢν
309 2065 354 2150 μὴ
381 2069 422 2131 σύ
440 2090 497 2150 μοι
515 2063 637 2152 λύσαις,
659 2069 848 2153 Ἀσκληπιός
869 2093 917 2146 τις
937 2071 992 2132 καί
1012 2070 1036 2108 “
1053 2066 1190 2135 ‘luno-i.
1203 2078 1290 2134 119t.

70 2159 168 2250 spo'rpc
198 2168 325 2233 ούτωσί
344 2193 410 2244 πως
441 2168 605 2258 καμνούσῃ
626 2173 738 2256 φανείς
770 2173 912 2260 διανοίᾳ,
944 2168 1001 2232 ούκ
1026 2164 1162 2248 desipui
1203 2215 1206 2222 .

71 2267 120 2328 τῶν
146 2272 258 2355 ε’φεξῆς
289 2273 372 2357 ἐνείη
404 2274 506 2355 λέγειν
534 2272 678 2360 ούδαμῇ,
708 2271 777 2336 ἀλλ’
800 2274 942 2337 ἐνταῦθα
972 2270 1011 2355 δὴ
1033 2294 1073 2351 με
1098 2269 1160 2332 ταῖν

71 2367 194 2450 α’ποριῶν
224 2369 260 2437 αἱ
280 2371 442 2460 φύραμγύς
467 2396 499 2438 τε
519 2376 574 2438 καί
597 2372 636 2439 τὰ
661 2371 774 2459 ἕνεδρα
798 2372 899 2461 φάναι
917 2371 975 2438 'cdv
996 2368 1080 2437 ούτω
1099 2395 1160 2434 τα-

42 2465 214 2554 2θλαίπωρον
244 2472 377 2557 κάμψαι
404 2471 571 2558 βιάσονται
602 2475 720 2560 δρόμον
753 2478 815 2541 τῶν
848 2474 966 2559 λόγων,
993 2473 1067 2559 πρίν
1097 2476 1159 2536 τῶν
1216 2465 1223 2476 ’

72 2571 168 2638 δεινῶν
187 2578 352 2642 ἐπιθεῖναι
373 2572 412 2642 τύ
434 2580 544 2660 μείζω.
589 2571 647 2663 οἵγε
668 2579 708 2664 δὴ
730 2571 807 2661 ούν,
831 2569 897 2662 dyc,
922 2582 999 2664 φιλη
1023 2599 1080 2660 μοι
1105 2595 1158 2638 κε·

75 2866 209 2949 prinsquam
236 2883 291 2922 nna
311 2867 402 2937 aliqua
421 2883 454 2921 ex
472 2876 548 2938 parte
566 2868 660 2923 sarciri
678 2869 779 2939 possit,
803 2868 855 2920 iam
873 2831 1044 2956 peccatorum
1063 2870 1159 2938 genius

75 2938 158 2992 under
175 2941 288 2994 alteram
305 2941 417 2993 effundit
436 2947 463 2992 et
486 2940 557 2993 aliae
584 2942 662 2993 etiam
687 2941 802 2993 maiores
828 2954 937 3007 prorsus
956 2940 1094 3008 inopinato
1112 2957 1160 2993 se..

76 3019 182 3076 qunntur.
220 3021 303 3082 atque
321 3010 477 3064 mehercule
496 3014 575 3064 ctiam
594 3027 626 3064 cn
644 2995 780 3076 in'stituta,
809 3027 878 3082 quae
904 3020 1003 3063 certam
1031 3011 1159 3080 quandam
1201 3008 1205 3026 ⁸

76 3088 141 3149 atquc
163 3085 339 3138 indubitatam
371 3082 527 3136 felicitatem
552 3084 652 3137 habers
679 3084 820 3137 videantur
842 3099 964 3153 quaeque
996 3097 1074 3135 nemo
1102 3081 1159 3134 ullu

77 3166 184 3207 excausa
203 3156 252 3208 vel
273 3155 355 3208 nlla'
348 3171 376 3206 m
395 3163 470 3223 parte
481 3156 635 3223 vituperare
652 3165 742 3224 queat,
764 3171 796 3208 ea
814 3171 919 3208 amane
937 3169 1023 3222 nsque
1041 3153 1074 3205 ad
1092 3169 1159 3206 ves.

80 3237 154 3288 peram
171 3228 253 3295 plane
273 3235 482 3292 convertuntur,
508 3227 536 3278 in
555 3229 712 3279 contrariam
734 3229 913 3280 conditionem
934 3227 1159 3311 circumaguntur,

78 3293 187 3351 facillime
207 3316 224 3352 a
242 3301 328 3383 genio
349 3306 519 3366 peccatorum
547 3299 655 3352 vindice
679 3299 869 3353 convelluntur
890 3307 934 3363 et,
953 3298 1073 3366 quamvis
1092 3298 1159 3364 ipsis

77 3368 186 3436 nauibus,
206 3379 238 3422 ut
251 3373 288 3423 ita
300 3371 395 3434 dream
415 3370 608 3438 comprehensa
621 3379 770 3436 teneantur
791 3379 879 3424 tamen
899 3369 1074 3436 abripiuntur.
1093 3368 1159 3421 licet
1221 3418 1230 3426 ‚

78 3444 171 3490 ratem
164 3458 191 3494 m
210 3442 269 3495 dics
287 3443 402 3495 maiores
422 3451 502 3511 atque
514 3442 641 3494 meliores
654 3438 721 3494 belli
740 3451 881 3510 apparatus
895 3441 1010 3492 faciendi
1025 3449 1158 3524 opportu-

77 3509 167 3564 nitatem
184 3530 200 3567 ε
219 3516 311 3566 multis
334 3513 453 3582 pertibus
478 3516 678 3580 nanciscamur,
697 3530 803 3598 semper
832 3522 920 3566 tamen
938 3514 966 3565 in
987 3512 1158 3564 maximarum

70 3593 148 3636 ‘rernm
164 3586 306 3638 momentis
318 3586 439 3638 hostibus
454 3585 536 3638 multo
550 3585 693 3640 inferiores
707 3602 741 3638 ex
753 3587 899 3652 improviso
917 3598 1074 3652 apparemus
1086 3599 1158 3636 scm-

78 3665 161 3722 petqne
179 3659 278 3727 optima
295 3658 393 3725 repleti
411 3673 458 3726 spe
480 3673 614 3726 nunquam
631 3672 686 3710 non
704 3657 783 3709 brevi
802 3655 894 3724 elapso
918 3664 1039 3722 tempore
1057 3655 1088 3706 ad
1109 3669 1158 3706 cx-

78 3728 170 3780 tremnm
188 3745 298 3798 magnas
323 3730 524 3797 desperationes
552 3731 627 3798 qnasi
643 3737 792 3782 nostrarum
813 3731 946 3781 actionum
971 3727 1072 3779 fructus
1093 3742 1158 3794 pcr-

80 3794 180 3877 cipimus.
219 3801 272 3860 hoc
290 3816 410 3870 magnam
430 3801 494 3853 mihi
520 3801 608 3854 iniicit
626 3800 734 3854 consilii
759 3801 875 3868 inopiam
901 3797 1046 3866 multisque
1066 3815 1109 3850 ms
1127 3811 1159 3850 uc

79 3867 136 3921 miris
158 3872 280 3925 ductibus
311 3873 516 3938 circumfundit,
545 3882 575 3926 ut
598 3891 634 3926 uc
658 3873 776 3941 linguam
791 3874 900 3940 ipuidem
926 3870 1037 3939 amplius
1059 3871 1159 3938 possim

79 3951 188 4010 novare,
210 3959 280 4013 quae
306 3945 334 3996 in
351 3943 469 4013 peiores
488 3946 515 3997 in
542 3946 600 3998 dies
618 3946 784 3998 narrationes
809 3943 918 3996 incidat.
955 3957 1032 4011 qnam
1058 3943 1111 4027 nisi
1129 3949 1158 3993 tu

80 4009 152 4066 solves
169 4025 196 4068 ct
214 4015 301 4068 veluti
329 4015 398 4068 alter
415 4017 557 4084 Asclepius
583 4025 610 4069 ct
627 4017 801 4084 Hippocrates
826 4016 858 4068 ad
883 4015 995 4066 animum
1013 4009 1099 4066 meuin
1119 4013 1159 4064 sic

79 4094 243 4149 aegrotantem
264 4088 386 4152 accedes,
404 4102 458 4140 non
477 4089 535 4140 fleri
555 4090 663 4155 poterit,
682 4095 720 4152 nt,
740 4103 809 4156 quae
831 4093 987 4156 sequuntur,
1006 4079 1055 4137 tib'i
1077 4098 1158 4136 cnar-

79 4166 135 4220 reu,
152 4159 197 4211 sed
214 4153 397 4210 molestiarum
426 4161 569 4230 voragines
589 4168 617 4212 et
637 4159 766 4224 insidiae,
795 4167 825 4211 nt
843 4160 880 4210 ita
902 4159 996 4222 dicum,
1015 4156 1159 4211 verborum

81 4237 166 4282 cursum
189 4238 257 4283 tam
263 4233 387 4283 miserum
413 4233 490 4285 finire
508 4244 551 4283 mc
569 4239 682 4301 cogent,
708 4233 861 4299 priusquam
879 4245 967 4282 rernm
991 4226 1158 4281 horribilium

82 4301 197 4356 tunulum
216 4303 370 4357 addiderim.
410 4304 542 4374 egedam,
561 4319 626 4373 ege,
652 4301 852 4358 dilectissimum
874 4302 939 4355 mihi
966 4306 1058 4368 caput,
1087 4305 1159 4348 tunna
