2926 4906
174 279 399 412 nrsnonrsn
427 341 685 412 evzsurrms
702 345 838 412 xxxiv.
858 327 1043 413 tt-so.
1101 336 1175 414 tto
1267 312 1271 320 ’

80 505 131 571 καὶ
154 505 293 591 ζήσεται.
349 505 413 570 ἀλλ’
449 499 524 588 ῦψει
546 504 587 570 τὰ
609 505 745 572 όπόσθιό
763 529 826 590 μου
837 505 864 583 ,”
889 502 950 570 εἴτε
971 506 1043 584 τούς
1065 509 1177 594 λόγους

80 610 137 671 τῶν
164 603 265 673 ὄντων
286 605 395 692 λόγων,
426 606 481 671 καὶ
500 604 573 671 ’ὅσα
598 607 657 689 μὲν
685 608 804 671 ἐκεῖνον
825 607 946 672 ἐκείνου
967 609 1175 695 γνωρίσματα

80 706 154 772 κατὰ
173 707 229 773 τόν
250 713 342 773 θεῖον
369 711 399 773 Γ
401 708 549 794 ρηγόριον
560 756 570 784 ,
600 704 661 772 εἴτε
681 705 737 792 τὴν
763 707 818 773 διὰ
838 707 958 795 σαρκός
977 711 1175 798 ἐπιφάνειαν,

77 805 127 890 την
148 809 182 872 ἐκ
205 809 373 892 παρθένου
399 807 545 892 δηλονότι
565 807 724 893 γέννησιν·
768 809 843 892 περὶ
863 801 901 893 ἧς
923 809 1013 876 καίδ
1037 810 1242 885 ἀπόσπα-10

56 910 126 983 5λός
148 933 249 995 φησιν
271 907 438 997 ιοἐπεφάνη
475 907 496 994 ἦ
515 910 613 994 χάρις
645 911 701 973 τοῦ
721 911 801 973 θεοῦ
836 907 856 994 ἦ
889 911 1044 998 σωτήριος
1078 915 1176 978 πᾶσιν

78 1009 294 1093 άνθρῶποις,”
326 1011 516 1096 ἐπιφάνειαν
544 1010 682 1072 ἐνταῦθα
710 1009 808 1094 λέγων
839 1009 876 1074 οῦ
899 1010 980 1077 κατά
999 1010 1055 1096 τὴν
1076 1015 1177 1076 πάλαι

76 1111 132 1172 τῶν
153 1113 342 1195 προφητῶν,
366 1109 447 1174 ellel
469 1108 524 1194 τὴν
544 1111 600 1174 νῦν
619 1107 676 1193 τὴν
691 1113 745 1174 δια
764 1109 908 1194 σώματος
931 1112 1084 1197 ἀληθοῦς·
1106 1113 1176 1178 τότε

75 1207 130 1295 γάρ
148 1207 201 1274 διά
217 1213 412 1292 σωματικῶν
429 1211 602 1295 σχημάτων
618 1209 673 1274 καί
693 1214 833 1274 τοπικῶν
847 1212 1082 1297 φαντασμάτων
1095 1211 1174 1276 άνα-

76 1310 170 1395 λόγων
183 1315 226 1397 τῇ
237 1313 303 1376 τῶν
315 1309 461 1397 όριόντων
476 1310 610 1394 δυνάμει
621 1311 785 1394 ἐγίγνοντο.
799 1309 852 1377 διά
866 1311 927 1401 γάρ
937 1312 1091 1376 τοῦτοκαὶ
1103 1311 1174 1376 διό-

47 1423 69 1476 10
77 1411 170 1496 φοροό
188 1435 223 1477 τε
246 1411 281 1476 αἱ
299 1409 428 1497 δράσεις
443 1411 499 1474 καί
515 1413 694 1486 πολυειδεῖς
715 1413 881 1497 ἐφαίνοντο
892 1439 911 1474 ·,
923 1412 978 1475 καί
992 1411 1053 1497 γάρ
1075 1409 1175 1497 iieye?

78 1534 167 1596 φησιν
182 1508 341 1597 “ὅράσεις
355 1511 529 1595 ἕπλῆθυνα,
552 1509 607 1574 xus*
628 1511 661 1574 ἐν
673 1509 770 1595 χερσὶ
789 1514 960 1597 προφητῶν
975 1508 1176 1595 ῶμοιοόθην.”

78 1612 100 1674 εἰ
118 1610 178 1697 γὰρ
195 1611 305 1697 αὐτήν,
319 1611 345 1677 ‘o‘
358 1612 604 1698 Χρυσορρήμων
627 1612 733 1698 φησίν,
756 1605 865 1697 talpam
876 1610 932 1696 τὴν
944 1614 1000 1676 τοῦ
1019 1614 1098 1676 θεοῦ
1111 1612 1172 1697 φά-

77 1736 128 1789 σιν,
152 1711 207 1777 οόκ
232 1705 272 1778 άν
296 1714 461 1799 διαφόρως
487 1714 637 1776 ἐθεῶντο·
663 1709 749 1796 άπλῆ
765 1715 827 1798 γάρ
847 1738 895 1792 τις
911 1713 966 1778 καί
991 1713 1170 1798 ἀσχημάτι-

76 1835 141 1888 στος
157 1813 214 1876 καί
238 1812 422 1888 οἷσάνθετος.
464 1805 531 1875 εἶτα
554 1811 608 1874 οῦκ
630 1807 745 1898 ῶφθην
769 1811 837 1876 ἀλλ’
863 1810 1034 1897 ῶμοιοδθην
1057 1814 1239 1898 φησίνΊυ

46 1909 108 1977 15οῦ
124 1911 183 1998 γἰὶρ
210 1909 309 1989 ἄλλος
330 1911 347 1977 o‘
368 1912 477 1997 λέγων,
502 1912 569 1976 ἀλλ’
588 1911 682 1989 αὐτὸς
700 1913 775 1998 περὶ
794 1907 910 1977 ἑαυτοῦ
930 1913 1015 1978 ἐστὶν
1039 1910 1056 1977 ὅ
1080 1915 1171 1990 θεός·

79 2007 174 2097 ἡγὰρ
204 2010 363 2096 ὅμοι’ωσις
394 2013 557 2096 ποιότητος
587 2010 719 2089 ἔνδειξιν
757 2011 826 2092 ἔχει
854 2011 909 2076 κου’
941 2011 1015 2094 οόχδ
1037 2012 1172 2098 φάσεως,

82 2112 229 2194 σχήματος
252 2112 337 2198 λέγω
357 2112 413 2177 κου’
430 2111 602 2198 χρώματος
622 2111 677 2175 καὶ
698 2108 759 2176 ὅσα
780 2113 821 2197 τῇ
832 2106 916 2193 Ιόιμει
935 2112 1077 2197 πέφυκεν
1091 2111 1171 2177 ono-

18 2213 20 2217 ’
80 2210 202 2291 κειμενα,
228 2213 290 2278 καὶ
313 2211 374 2277 ὅσα
395 2215 437 2299 τῇ
461 2211 550 2297 ἀκοῇ,
571 2211 652 2295 λέγω
679 2209 717 2294 δὴ
744 2209 779 2274 τό
802 2214 858 2296 τῆς
881 2215 995 2288 λαλιᾶς
1008 2207 1096 2296 η’θος
1117 2212 1172 2277 καί

76 2312 220 2397 βοόλημα.
270 2314 326 2378 καί
349 2311 410 2400 γάρ
444 2309 537 2378 καὶὸ
568 2314 624 2386 τοῦ
645 2303 817 2397 άνθρῶπου
840 2314 913 2387 νοῦς
936 2311 1103 2396 ἀσώματος
1127 2307 1171 2376 ῶν

46 2411 217 2497 cassetur
241 2412 303 2494 οὐχ
326 2411 504 2479 ὑπόκειται·
560 2412 627 2477 ἀλλ’
648 2409 778 2476 ἐπειδάν
813 2413 857 2487 εἷς
878 2411 997 2478 λαλιάν
1013 2412 1092 2500 ἔλθη
1115 2414 1171 2478 καὶ

74 2509 176 2594 λόγους
200 2515 401 2601 ἐνάρθρους,
427 2516 597 2600 τηνικαῦτα
609 2513 665 2577 καὶ
690 2513 841 2598 αἰσθήσει
861 2514 919 2596 μὲν
940 2511 1168 2598 ὑποβάλλεται·

75 2611 122 2673 καί
141 2611 175 2678 τό
196 2616 397 2700 τῆςμίκειάς
409 2617 594 2700 βουλήσεως
615 2609 700 2692 εἶδος
721 2617 776 2680 καὶ
791 2613 872 2701 ἦθος
894 2619 1094 2683 ἒνδεόκνυταό
1110 2619 1169 2703 μὲν

75 2715 210 2791 σκιωδῶς
246 2717 305 2782 καδ
332 2719 520 2800 σωματικῶς
550 2719 667 2796 εἰπεῖν,
697 2713 753 2801 τὴν
776 2707 824 2781 δὲ(
845 2716 941 2803 φόσιν
962 2700 1168 2807 ἕνδεόξασθδιι

76 3023 135 3083 dixit
152 3045 207 3088 non
226 3035 393 3103 conspicitur
412 3042 553 3102 nfftenemo
573 3035 722 3103 conspiciet
746 3033 843 3087 inciens
866 3033 955 3087 meem'
972 3042 998 3087 et
1016 3035 1101 3101 vivet,
1119 3034 1167 3088 setl

76 3106 220 3170 conspicies
239 3115 345 3175 tergum
364 3123 469 3170 meum,
495 3105 602 3158 scilicet
621 3121 709 3158 rerum
728 3114 874 3158 creatarum
902 3107 1020 3158 rationes
1040 3113 1066 3157 et
1085 3121 1167 3174 quus.

76 3185 175 3242 cunque
196 3177 247 3230 ille
259 3178 392 3244 Gregores
413 3173 582 3245 cognitiones
599 3177 756 3241 nominavit,
776 3178 977 3230 sive'cerneem
999 3176 1167 3244 epiphanium

75 3239 91 3289 i.
110 3259 132 3294 e.
152 3249 268 3316 virginis
287 3255 399 3314 portum,
420 3249 452 3300 de
472 3263 524 3316 quo
544 3248 681 3316 apostolus
707 3248 785 3300 dicit:
812 3249 935 3316 apperuit
956 3249 1042 3316 gratie
1060 3247 1103 3299 dei
1120 3264 1167 3300 sn.

74 3307 150 3366 lutrix
164 3321 288 3370 omnibus
306 3319 468 3372 hominibus.
504 3319 550 3370 nbi
569 3319 737 3385 epiphaniam
756 3318 886 3388 inteiligit
904 3333 958 3370 non
977 3312 1110 3386 antiquum
1129 3319 1166 3370 il.

74 3377 120 3433 lem
139 3393 340 3455 prophetarum,
359 3392 405 3442 sed
426 3406 494 3458 quae
514 3391 565 3442 hoc
583 3399 703 3457 tempore
726 3391 795 3445 lactu
812 3398 853 3442 ert
873 3405 921 3458 per
940 3383 1030 3442 v‘erem
1050 3405 1165 3443 carnem.

75 3449 132 3506 olim
152 3461 222 3512 enim
243 3462 380 3528 corporeis
400 3461 490 3513 formis
510 3469 537 3513 et
554 3462 714 3528 imaginibus
733 3463 876 3514 secundum
895 3462 1042 3514 videntium
1062 3469 1166 3528 ceptum

74 3521 175 3580 fiebunt.
196 3531 247 3583 hac
267 3533 335 3583 enim
354 3539 457 3582 ratione
476 3533 596 3584 visiones
614 3533 738 3585 diversae
757 3543 783 3585 et
796 3534 887 3585 verine
897 3539 1085 3599 apparuerunt.
1122 3539 1166 3583 nt.

75 3607 121 3658 que
140 3615 191 3666 ego
211 3603 297 3670 inquit
315 3601 436 3653 visiones
455 3603 565 3669 implevi
594 3610 621 3653 et
638 3602 827 3670 prophetarum
844 3605 964 3654 menibus
991 3619 1034 3654 me
1053 3618 1165 3668 reprae-

74 3671 182 3723 sentavi.
233 3674 257 3724 si
285 3673 354 3723 enim
381 3675 465 3739 ipram
495 3673 620 3724 viderunt
638 3674 680 3724 dei
704 3675 864 3737 essentiam,
891 3674 929 3725 rit
948 3673 1164 3741 chrysostomus,

73 3747 122 3786 oon
141 3740 308 3794 dissimiliter
327 3743 501 3810 contemplati
513 3750 612 3807 essent,
632 3744 731 3812 quippe
751 3757 819 3810 quoe
838 3743 951 3810 simplex
969 3747 1013 3809 sit,
1031 3759 1085 3796 non
1106 3745 1164 3795 ior.

74 3813 146 3872 nate,
166 3827 220 3864 non
240 3814 387 3880 composite
408 3815 544 3882 quaedem.
587 3822 727 3880 praeterea
753 3829 807 3864 non
835 3822 995 3881 conspectur
1025 3831 1098 3879 sum,
1117 3814 1165 3867 sed

74 3885 111 3925 mo
129 3887 340 3949 repraesentavi,
360 3887 454 3952 inquit.
491 3901 542 3936 nec
562 3887 630 3936 enim
652 3883 889 3953 aliusquisquem,
907 3886 953 3937 sed
972 3886 1036 3938 deus
1054 3887 1112 3952 ipse
1130 3886 1164 3937 tle

75 3956 130 3997 sese
148 3949 275 4023 loquitur.
314 3956 513 4008 similitudinem
531 3955 613 4007 hahet
629 3965 813 4023 argumentum
826 3970 951 4022 poeseos,
971 3971 1024 4010 non
1042 3965 1163 4018 naturae,

75 4011 169 4073 formae
191 4026 296 4078 scilicet
316 4035 343 4078 et
361 4025 462 4079 coloris
482 4034 508 4078 et
526 4041 701 4094 quaecunque
721 4026 807 4078 oculis
819 4035 880 4078 sunt
898 4027 1018 4080 subiecta
1032 4036 1059 4079 ct
1077 4041 1163 4094 quee-

76 4099 173 4158 ⁰¹1nque
196 4099 315 4162 nuribus,
336 4098 395 4149 dico
415 4097 543 4166 loquendi
565 4098 785 4149 consuetudinem
805 4106 832 4151 et
852 4097 1026 4151 voluntatem.
1065 4097 1162 4149 etenim

75 4151 183 4218 hominis
202 4170 269 4220 ratio
290 4185 369 4238 quum
388 4169 611 4235 incorpoream,
631 4170 721 4222 sensui
740 4185 794 4222 non
809 4168 930 4222 subiecto
950 4179 1000 4235 est,
1019 4170 1065 4221 sed
1084 4174 1162 4236 post.

77 4239 146 4294 quom
163 4238 192 4289 in
210 4237 326 4308 linguam
345 4241 420 4293 venit
441 4249 468 4293 et
485 4240 567 4294 verbe
586 4240 657 4293 inter
671 4255 701 4293 ss
715 4241 867 4307 conciliate,
886 4248 940 4292 tum
954 4241 1077 4294 sensibus
1094 4237 1160 4291 sub.

122 4342 280 4419 Nicoplom
299 4351 411 4422 strepet.
438 4351 492 4406 tot.
511 4352 567 4408 ΠΙ.
809 4429 819 4448 t
942 4351 980 4409 29
1174 4355 1186 4382 ‘
