2992 4916
312 350 385 422 512
629 357 851 427 NICEPHORl
885 358 1114 426 GllEGOIldE

309 543 342 582 τι
363 515 524 600 έμμυυσον
547 511 638 601 οἶμαι
661 518 866 604 φανήσεσθαι
893 517 927 584 τό
958 521 1020 583 τῶν
1040 515 1227 581 ὑποθέσεων
1255 514 1388 600 συμμιγὲς

244 638 298 689 ιι
310 617 366 682 καί
386 620 658 695 πολύπλοκα-εἰς
670 620 723 684 ένα
741 620 795 702 τῆς
811 618 953 704 ἱστορίας
970 617 1079 703 εἱρμὸν
1097 618 1295 703 ἀναγόμενον.
1316 614 1387 700 εἴρη-

308 737 362 782 ται
381 721 487 784 τοίνυν
506 717 583 801 ἡμῖν
609 719 756 804 ἀνωτέρω
774 720 816 794 ὠς
829 719 923 797 έθνσς
946 719 1013 784 έστί
1038 713 1388 803 ιιολυανθρωπότατονὴ

305 817 444 898 Ῥωσιά,
475 819 530 884 κατ’
561 818 586 902 ηε
604 817 684 904 πρὸς
708 819 811 884 αύτῶν
835 819 1002 904 οἰκουμένη
1033 823 1073 906 γῆ
1093 823 1194 904 μῆκος
1216 820 1270 882 κατ’
1291 818 1388 892 πλάτος

309 919 349 1016 ού
369 921 452 983 πάνυ
475 945 505 982 τι
526 919 655 1004 σφόδρα
678 916 1211 1007 ῥηιδίωςάριθμεῖσθαιἐθέλουσα,
1235 917 1289 1007 καί
1304 917 1405 988 πλού-5
1472 957 1473 974 ι

306 1045 359 1084 τον
382 1019 505 1105 ἐτήσιον
538 1017 589 1082 del
620 1021 806 1104 γεωργοῦσα
838 1019 892 1083 καί
922 1018 1128 1105 καρπουμένη
1164 1019 1246 1082 πάνυ
1281 1015 1387 1102 μικρὸν
1472 1013 1473 1024 ’

307 1122 362 1185 καί
386 1120 563 1200 πολύχουν·
609 1115 731 1203 άσημός
752 1143 785 1183 τε
806 1119 867 1205 γάρ
889 1128 1076 1206 χορ-ηγεῖται
1103 1126 1253 1195 ,πλεῖστος
1274 1121 1387 1211 ἐκεῖθεν,

305 1223 573 1304 μεταλλευόμενος
602 1223 636 1282 έκ
665 1223 727 1284 ταῖν
747 1221 928 1305 ἐγχωρίων,
958 1221 1013 1284 κατ’
1035 1219 1101 1304 ἅμα
1135 1224 1191 1305 τῆς
1211 1224 1267 1305 γῆς
1287 1222 1388 1302 ἐκείνης
1472 1225 1473 1240 ’

305 1301 414 1409 όολληῖ
433 1325 480 1409 cpi
501 1322 601 1403 ψύχει
618 1321 915 1406 κρυσταλλουμένης
936 1319 988 1385 διά
1011 1321 1067 1405 την
1082 1319 1277 1404 άποχηντοῦ
1300 1319 1388 1405 ἡλίου,

276 1473 278 1486 ,
307 1423 404 1502 ζώων,
427 1422 470 1501 aig
491 1421 525 1490 τό
549 1424 647 1502 εἰκός,
681 1424 925 1506 πηγεσιμάλλων
954 1420 1019 1490 dud
1044 1427 1100 1506 τῆς
1134 1424 1260 1509 φύσεως
1281 1424 1420 1506 ,γίνεταιςρ

304 1527 437 1607 πλῆθος,
462 1515 504 1588 ὧν
526 1522 752 1610 θηρευομένων
783 1520 816 1585 αἱ
846 1523 987 1608 σισύραν
1010 1523 1180 1613 πρόςίτσῖν
1212 1525 1281 1587 έκεῖ
1297 1547 1389 1588 κατοι·

304 1619 440 1689 κούντων
479 1625 532 1689 διὰ
564 1624 667 1709 πάσης
703 1620 798 1708 άλλης
830 1624 1033 1707 πεμπόμεναι
1060 1625 1173 1710 χώρας
1200 1625 1258 1689 καί
1284 1624 1389 1697 πόλεως

236 1751 290 1804 22
304 1723 406 1790 πολλά
427 1727 612 1811 πορίζονται
632 1725 727 1810 σφίσι
737 1721 779 1788 τά
799 1723 906 1809 κέρδη.
926 1724 982 1788 καί
1001 1719 1064 1810 μήν
1085 1725 1145 1788 κάκ
1164 1727 1227 1790 τῶν
1249 1726 1280 1803 ἐξ
1303 1725 1388 1787 ainno-

299 1815 359 1890 ’νού
389 1827 597 1910 γειτονσῧντος
631 1823 858 1910 θηρευομένων
887 1825 1012 1904 ἰχθύων
1049 1825 1133 1890 ἔστιν
1162 1824 1182 1924 c‘g‘
1210 1829 1273 1890 τῶν
1304 1824 1389 1889 όστόν

303 1926 417 2012 τέρψιν
436 1924 580 2010 χρειώδη
602 1924 798 2011 παρέχονται
821 1926 1001 2009 σατράπαις
1029 1926 1084 1990 καί
1107 1923 1247 2018 ἄρχουσι
1267 1925 1320 1990 καί
1337 1928 1417 2003 pin-li

242 2059 247 2066 ·
305 2029 427 2092 σιλεῦσι
448 2026 503 2090 καί
523 2030 604 2090 πᾶσι
623 2028 742 2112 μικροῦ
753 2034 828 2102 «τοῖς
850 2024 987 2102 ἐνδόξοις
1002 2024 1082 2090 κατά
1102 2024 1156 2090 τόν
1177 2026 1249 2108 βίον
1268 2025 1321 2089 καὶ
1341 2045 1385 2086 πε-

306 2128 485 2214 ριβλέπτοις
510 2128 703 2213 άνθριόποις.
744 2128 789 2190 έῶ
806 2126 907 2212 λέγειν
920 2124 982 2192 ὅσα
1003 2125 1083 2212 πρός
1103 2127 1224 2204 Ιτούτοις
1243 2128 1386 2206 §erclearo

307 2230 536 2315 δαψιλέστερον
567 2232 688 2320 ἐκεῖθεν
721 2229 850 2303 ἐκείνοις
878 2226 996 2306 οὑτωσὶ
1025 2228 1163 2314 παρέχει
1182 2226 1237 2294 τόν
1259 2229 1386 2292 πλούτου.

302 2333 393 2397 τούτο
414 2333 520 2396 τοίνυν
541 2329 576 2395 τό
600 2328 692 2406 ἔθνος
713 2329 769 2415 ἀφ’
790 2321 829 2392 oi
846 2331 887 2416 τῇ
903 2328 1030 2421 eineder*
1039 2332 1223 2418 προσερρύη
1244 2327 1384 2415 θρησκείᾳ

303 2433 359 2496 καί
378 2428 413 2495 τό
435 2435 497 2495 τῶν
514 2433 717 2518 χριστιανῶν,
732 2435 821 2495 θεῖον
841 2429 968 2507 ἐδέξατο
991 2432 1172 2514 βάπτισμα,
1196 2429 1254 2518 ὕφ’
1275 2424 1319 2494 ἑνί
1337 2442 1415 2496 τυ-νλ

302 2534 445 2615 ποῦσθαι
469 2531 614 2596 τέτακται
634 2533 784 2610 καθάπαξ
808 2532 969 2618 ἀρχιερεῖ,
1000 2531 1080 2621 κατά
1101 2531 1135 2596 τό
1166 2533 1316 2618 άνάλογον
1333 2533 1384 2595 τόν

302 2626 443 2708 ἑκάστοις
466 2626 631 2719 έκασταχῇ
652 2633 877 2721 προσηκόντων
894 2635 938 2708 εἰς
954 2634 1128 2710 έπισκοπάς
1148 2632 1321 2720 διαφόρους
1339 2628 1384 2695 κατ’

300 2735 431 2815 μείζους
453 2734 508 2798 καί
531 2732 642 2818 ἥττους
662 2734 895 2822 διανειμαμένιγ
919 2732 975 2818 τὴν
998 2737 1054 2798 τοῦ
1074 2733 1190 2810 παντός
1212 2734 1323 2809 ἔθνους
1341 2733 1382 2796 έκ-

236 2833 526 2921 ῃκλησιαστικην
548 2836 716 2923 διοίκησιν·
760 2837 815 2902 καί
836 2830 992 2914 εἷναιςτόν
1012 2839 1137 2926 πρῶτον
1156 2839 1266 2902 τοῦτον
1287 2834 1383 2923 άρχιε-

301 3145 404 3198 cunctis
427 3143 590 3198 diuersarum
616 3160 704 3196 rerum
722 3151 820 3212 partes.
859 3145 905 3197 sed
923 3144 993 3196 hene
1008 3154 1035 3196 et
1054 3145 1185 3200 concinne
1204 3146 1291 3198 varias
1309 3143 1384 3196 histo.

300 3219 353 3270 rias
374 3218 450 3285 quasi
469 3232 521 3268 uno
544 3215 653 3268 vinculo
681 3218 836 3268 coniunctas
856 3216 914 3267 lore
933 3223 1006 3282 puto.
1050 3217 1158 3269 narravi
1178 3226 1265 3268 autern
1286 3216 1385 3268 Russiae

302 3305 361 3342 esse
383 3288 623 3357 frequentissimam
649 3289 782 3340 nationem
811 3295 838 3338 et
865 3295 953 3338 terrae
973 3286 1166 3354 longitudinem
1186 3297 1213 3339 et
1231 3287 1385 3339 latitudinem

301 3361 434 3411 uulnerari
453 3359 522 3410 haud
541 3358 621 3410 facile
641 3374 728 3424 posse.
773 3374 874 3410 annuus
900 3365 1045 3426 proventus
1065 3359 1163 3409 multus
1191 3373 1223 3410 ac
1241 3361 1316 3411 dives
1336 3357 1385 3407 edi-

301 3438 352 3482 tur.
390 3431 493 3497 argenti
513 3429 594 3480 multa
622 3431 683 3481 inde
709 3431 785 3496 copia
810 3431 914 3481 ducitur
940 3438 966 3480 et
992 3446 1069 3496 quum
1095 3439 1167 3480 terra
1185 3429 1232 3481 illa
1255 3429 1386 3481 constricta

301 3509 341 3552 est
359 3515 455 3568 magno
475 3500 575 3567 frigore
595 3509 703 3567 propter
727 3501 792 3552 solia
812 3501 1049 3568 longinquitatem,
1078 3499 1230 3552 animalium
1250 3509 1279 3551 ut
1298 3498 1386 3552 verisi-

300 3571 364 3622 mile
385 3578 425 3622 est
443 3570 596 3638 pellitorum
615 3580 707 3623 natura
729 3574 846 3640 nascitur
865 3572 1014 3623 multitude.
1062 3579 1199 3638 captorum
1219 3573 1342 3639 caprinae
1359 3568 1386 3619 ab

298 3641 395 3693 incolis
414 3657 462 3710 per
481 3657 573 3694 omnes
599 3650 683 3694 terras
711 3644 844 3712 urbesque
871 3645 1008 3694 mittuntur
1029 3651 1056 3693 et
1079 3643 1141 3694 inde
1160 3642 1259 3694 multus
1278 3642 1387 3711 gignitur

299 3713 409 3765 fructus.
448 3722 475 3765 et
501 3715 613 3781 piscium
640 3731 672 3766 cx
699 3713 805 3766 Oceano
824 3715 937 3778 finitimo,
964 3722 1098 3780 captorum
1128 3713 1252 3766 nonnulli
1272 3721 1332 3766 aunt
1349 3711 1387 3779 qui

299 3785 504 3837 delectationem
529 3786 658 3852 praebent
683 3786 827 3852 praefectis
852 3795 878 3837 et
897 3786 1061 3852 principibus
1087 3793 1113 3835 et
1132 3786 1242 3853 regibus
1264 3793 1291 3836 et
1309 3785 1388 3836 omni-

298 3855 347 3914 bus
366 3858 473 3908 vivendi
501 3859 605 3909 ratione
636 3857 756 3908 delicatis
782 3865 810 3908 et
827 3858 963 3909 nobilibus
990 3856 1148 3907 hominibus.
1192 3858 1269 3908 mitto
1289 3857 1388 3917 dicere,

299 3941 366 3994 quae
387 3937 525 3991 praeterea
544 3937 722 3995 transportata
739 3944 788 3994 per
806 3928 962 3997 peregrinas
981 3936 1066 3978 terras
1085 3927 1187 3995 largum
1205 3927 1263 3979 illis
1282 3928 1389 3979 fructum

297 3996 436 4064 praebent.
482 3997 548 4048 haec
573 4015 640 4067 gens
664 4001 856 4064 superstitione
881 4015 928 4066 per
955 3999 1115 4066 religionem
1140 4005 1241 4049 remota
1273 4007 1301 4051 et
1321 4010 1388 4049 sacro

299 4067 429 4135 baptismo
451 4066 660 4119 Christianorum
687 4079 798 4136 accepto
827 4071 859 4122 ab
878 4085 932 4122 uno
952 4073 1058 4121 omnino
1079 4071 1206 4136 episcopo
1227 4071 1389 4122 administra-

258 4152 262 4157 ·
284 4139 384 4204 datur,
405 4139 450 4207 qui
469 4138 501 4188 ad
520 4137 648 4191 rationem
668 4141 830 4208 singularum
850 4142 1075 4194 necessitudinem
1095 4143 1121 4191 in
1140 4141 1262 4192 diversas
1283 4142 1390 4208 provin-

298 4212 353 4268 cias
370 4210 447 4262 niodo
467 4211 598 4276 maiores,
622 4213 700 4262 modo
719 4214 835 4265 minores
854 4216 934 4265 totius
959 4221 1053 4278 gentes
1072 4213 1329 4269 administrationem
1348 4228 1389 4264 eo·

299 4283 475 4348 slesiastiearn
494 4283 637 4338 distribuit.
675 4284 725 4338 iuit
743 4286 792 4340 ille
811 4288 910 4356 primus
927 4288 1069 4355 episeopus
1081 4285 1390 4355 Constantinopolitanae
