2910 4896
490 181 510 210 ἱ

206 337 428 408 nrsroarax
459 331 718 404 immixta
742 337 834 402 xxx.
856 318 983 401 1-3.
1092 324 1166 398 tot

160 499 258 588 ’Ἄρτι
282 507 346 568 τοῖν
369 497 530 569 εἰωθότων
552 503 608 584 τῆς
638 502 778 586 κεφαλῆς
798 493 985 582 νοσημάτων
1007 493 1115 580 βραχύ
1137 505 1204 564 tt!

94 603 278 690 α’νενεγκόντα
304 604 361 668 τόν
382 605 550 686 Γρηγορόν
576 593 631 684 ἧκε
661 602 765 664 καλεόν
799 603 833 664 ἐκ
855 600 1010 680 βασιλέως
1032 591 1048 659 ὅ
1070 599 1170 680 μίγας

92 712 240 791 λογοθίτης
260 702 452 788 ὁτουδήποτε
467 703 593 767 εἵνεκα·
634 703 689 765 κατ’
701 697 809 784 ἐπειδὴ
829 695 1091 782 παρακρούεσθαι
1113 695 1170 760 ode

92 811 159 892 ἐνῆν,
181 805 316 882 οἰναστός
344 804 458 892 α’πῄει,
497 805 551 868 κατ’
573 797 640 883 ἅμα
662 799 797 886 εἱπόμην
829 799 924 876 αύτός
946 798 1168 881 ἀκουσόμενος.

73 900 120 992 lin
139 911 170 974 δὲ
186 909 219 973 τό
238 913 293 992 τῆς
312 901 400 991 οόρας
431 905 494 988 dpt
525 900 605 982 μετὰ
628 904 720 967 δύσιν
747 901 850 984 ἡλίου.
902 900 957 966 καί
974 906 1173 986 προσεληλυ-

90 1004 381 1095 θόςόΓρηγορᾶς,
411 1009 466 1070 καί
496 1002 553 1089 την
576 1007 731 1071 εἰωθυῖαν
751 1002 964 1079 α’ποόειίωκολς
983 1005 1025 1089 τῷ
1045 1007 1175 1083 βασιλεῖ

90 1109 262 1196 πρόσρησιν,
282 1104 352 1175 εἶτα
375 1109 534 1174 ἐκάθισεν.
556 1105 648 1189 ἔτυχε
668 1109 697 1170 d’
725 1104 828 1182 εύθύς
850 1107 918 1168 ἐκεῖ
934 1107 988 1168 καί
1008 1099 1024 1166 ό
1049 1108 1171 1169 Παλα-

90 1215 142 1291 μιῐς
159 1209 337 1290 consectaris,
361 1210 419 1272 cdx
441 1203 501 1274 οἶδ’
524 1204 688 1290 όπόττρον,
710 1205 775 1272 εἴτε
800 1209 834 1272 εἰτ
854 1206 1050 1288 προθεσμίας
1072 1200 1170 1267 πόλει

90 1314 298 1395 μελετηθείσης
329 1307 464 1396 ἔφεδρος
494 1313 562 1374 ἐκεῖ
581 1331 642 1398 που
667 1306 795 1390 παρεόν,
826 1302 880 1370 εἴτ’
903 1303 965 1368 ἀπό
987 1306 1104 1388 τύχης,
1127 1301 1171 1379 εἰς

62 1410 172 1476 toaleis
190 1415 333 1494 γίνεσθαι
363 1409 403 1475 τό
426 1409 526 1475 πολλό
551 1413 613 1474 τεόν
634 1411 669 1474 ἐν
690 1403 797 1496 κόσμῳ
817 1402 1020 1489 πραγμάτων.
1075 1399 1110 1479 ic
1130 1401 1167 1488 δη

91 1510 189 1600 καίητό
211 1515 386 1595 παλαιγενῆ
408 1514 589 1595 πραπετοός,
619 1510 675 1574 καί
699 1501 757 1574 όσα
781 1507 881 1593 λη’θης
913 1510 1040 1591 μακρᾶς
1068 1531 1170 1572 συνα-

91 1611 246 1697 πήγθησαν
268 1613 426 1700 ῥεύμασι,
445 1614 589 1700 ,μηδαμῇ
618 1612 657 1700 τῇ
677 1611 824 1698 παρσύση
857 1608 1052 1694 προσήκοντα
1076 1612 1170 1696 χρείρ

91 1711 297 1796 προδιαλοβοόν
327 1713 383 1778 καί
406 1710 688 1798 τερατευσάμενος,
710 1712 753 1787 nic
775 1708 903 1791 εἰώθει,
932 1711 987 1775 καί
1007 1703 1068 1775 ὅσα
1090 1706 1169 1793 πρός

91 1808 203 1878 ἔπαινον
224 1813 538 1897 ἐγκαλλωπεσόμενος
559 1811 676 1880 ἑαυτοῦ
694 1817 822 1897 περίτι
842 1816 897 1897 τῆς
920 1813 954 1876 ἕν
970 1809 1076 1900 λούρη
1097 1812 1171 1875 dro-

63 1915 184 1998 Ιότρτβῆς
211 1919 264 1980 καί
301 1917 357 2000 τῆς
379 1914 460 2001 πρός
482 1915 645 1999 Βαρλαόμ
666 1917 851 2000 διαλέξεως,
882 1916 937 1978 καί
955 1910 1106 1978 τοιούτων
1129 1909 1170 1996 δίη

92 2017 170 2078 τινῶν
187 2015 242 2091 τός
260 2020 325 2082 τεόν
346 2016 595 2099 παρατυχόντων
614 2014 822 2100 ἐμπεπληκώς
847 2013 958 2099 οἰκοός,
989 2013 1043 2077 καί
1065 2011 1171 2090 δείξας

93 2109 175 2178 οἱονεί
191 2116 504 2198 προβεβουλευμένον
524 2110 606 2180 εἶναι
628 2117 684 2180 καί
704 2119 870 2198 ἐπίβουλον
899 2112 955 2178 τὸν
977 2112 1093 2178 σκοπόν
1114 2115 1172 2196 τῆς

92 2219 247 2296 τηνικαῦτα
267 2216 369 2282 αύτοῦ
389 2241 424 2300 γε
452 2219 622 2302 ἐπιδημίας
645 2214 725 2300 πρός
748 2215 957 2300 ἐπιδεικτικὴν
979 2215 1171 2303 φαντασίαν,

92 2306 147 2377 είτα
171 2319 303 2401 ἐσίγησε.
345 2317 401 2382 καί
419 2317 472 2381 ἵνα
493 2319 553 2382 τείν
571 2323 657 2407 μίση)
680 2323 850 2402 παρέλθω,
873 2315 926 2380 καί
946 2309 1006 2380 ὅσα
1029 2322 1093 2390 τοῖς
1113 2313 1206 2396 ipe-8

62 2419 216 2496 λθπροσθετ
236 2418 418 2500 α’ναγκαίοις
440 2421 581 2501 γίγνοιντ’
605 2411 644 2483 όν
662 2421 826 2500 ἐμποδών,
848 2415 928 2501 πρός
951 2414 985 2482 τό
1008 2415 1172 2497 ἀπροσδό-

93 2539 168 2598 κητον
186 2522 295 2584 ταστοῖ·
327 2522 382 2584 κατ’
401 2523 562 2607 αἰφνίδιον
589 2518 895 2605 προοιμιασάμενος,
917 2517 972 2584 καί
993 2509 1173 2604 apodiatio-

93 2615 148 2696 βιόν
166 2613 224 2686 όσο
245 2621 337 2704 εἰκός,
360 2625 416 2687 καί
440 2621 461 2702 ό
482 2625 513 2686 Γ
512 2625 647 2709 ρηγορεῖς
670 2615 789 2688 ότι-όν
815 2625 869 2688 κατ’
901 2619 982 2706 πρός
1003 2619 1104 2684 αύτού
1124 2616 1172 2704 εἰη
1182 2630 1202 2684 i.
1215 2631 1265 2688 132
1274 2644 1302 2688 r·

178 2902 253 2967 Quae
272 2910 360 2956 autem
378 2911 525 2956 memoratu
544 2904 667 2972 digniora
687 2908 750 2956 sunt
762 2909 789 2955 et
807 2916 876 2971 quae
894 2901 1060 2970 potissimum
1075 2891 1171 2954 ‘audias

94 2983 192 3024 εοεειτο
213 2981 263 3038 est,
284 2989 315 3026 ea
335 2976 417 3045 igitur
435 2974 556 3028 breviter
575 2983 602 3026 et
623 2975 768 3028 summatim
786 2974 835 3026 tibi
855 2972 1074 3026 commemorabo.
1102 2973 1171 3026 Gre.

94 3055 160 3123 puras
178 3059 234 3098 cnm
254 3047 332 3098 ruodo
352 3061 385 3098 ex
405 3049 541 3100 consuetis
567 3048 661 3114 capitis
680 3045 816 3099 doloribus
835 3047 907 3097 vires
939 3058 1081 3111 parumper
1096 3043 1173 3095 refe..

94 3121 175 3178 exstet,
199 3118 361 3170 invitaturus
380 3133 439 3170 enm
464 3118 497 3170 ab
524 3121 685 3186 imperatore
709 3119 804 3170 missus
832 3125 873 3170 est
899 3130 1010 3184 magnus
1033 3114 1173 3184 logotheta

94 3198 236 3254 quacunque
255 3190 289 3240 de
308 3204 402 3242 causa:
425 3191 496 3259 qnod
515 3207 573 3242 cum
592 3206 721 3243 excusare
745 3202 799 3240 noa
819 3197 926 3256 posset,
946 3202 1088 3257 assurgens
1107 3187 1173 3238 abiit

95 3262 117 3305 et
131 3259 261 3312 auditurus
282 3276 340 3312 eum
359 3263 418 3328 ipse
436 3270 564 3330 sequutus
583 3277 650 3313 sum.
692 3276 780 3314 serum
805 3262 857 3312 iam
877 3261 931 3313 diei
951 3267 1009 3310 erat
1025 3267 1085 3326 post
1106 3258 1172 3311 solis

93 3337 209 3380 occasum.
254 3347 285 3383 ac
312 3331 444 3400 Gregoras
464 3335 568 3402 quidem
597 3349 655 3383 cum
675 3333 828 3384 advenisset
853 3339 880 3383 et
906 3330 1012 3383 solitam
1030 3331 1062 3382 ad
1081 3345 1172 3398 regern

93 3395 267 3480 allocutionem
287 3405 478 3471 expedivisset,
498 3409 581 3473 (tum)
602 3404 732 3456 consedit.
766 3403 834 3455 forte
855 3411 943 3454 autern
962 3403 1067 3455 fortuna
1086 3403 1172 3456 statim

92 3466 122 3516 rbr
139 3471 211 3522 ctiam
230 3472 349 3526 Palamas
376 3476 453 3527 simul
473 3477 591 3540 introiit,
611 3477 723 3538 nescio,
741 3483 828 3526 utrum
846 3482 957 3541 propter
981 3475 1050 3526 diern
1068 3473 1172 3526 iamdu-

94 3537 143 3589 dum
160 3543 325 3598 constitutam
345 3546 515 3598 insidiaturus
533 3547 570 3598 ibi
590 3548 706 3610 adesset,
717 3561 758 3618 ¹an
778 3561 851 3610 casu,
870 3554 899 3596 ut
917 3546 1064 3614 pleraeque
1082 3561 1125 3598 res
1144 3545 1172 3595 in

92 3613 151 3690 tarra
170 3623 259 3680 gestae
279 3617 338 3670 fleri
356 3617 453 3669 solent.
481 3618 527 3685 qui
548 3634 606 3669 cum
620 3621 708 3685 prisca
725 3618 906 3684 imprudenter
924 3627 1033 3685 atquae
1052 3615 1172 3668 oblivio.

93 3693 127 3730 trs
142 3685 284 3748 profundae
314 3687 466 3742 fluminibus
491 3689 601 3756 abrepta
623 3697 731 3753 essent,
755 3686 831 3740 nullo
859 3690 937 3740 modo
956 3688 1121 3754 pertinentia
1140 3689 1172 3741 ad

94 3765 140 3802 ean
156 3771 223 3821 rem,
249 3759 282 3810 de
309 3775 361 3827 qua
390 3769 446 3812 tum
466 3761 608 3829 agebatur,
635 3760 792 3828 protulisset
820 3767 846 3811 et
871 3759 1002 3830 gloriatus
1025 3766 1106 3823 essct,
1126 3761 1172 3826 qui

94 3831 140 3874 erat
156 3828 210 3878 eins
227 3844 294 3894 mos,
314 3839 342 3882 et
359 3833 392 3883 ad
409 3831 515 3884 laudem
541 3847 615 3884 suam
632 3832 714 3884 multa
743 3834 775 3885 de
796 3847 826 3884 se
851 3831 997 3900 gloriosius
1016 3831 1172 3897 praedicas.

94 3902 134 3958 itt,
152 3903 426 3954 atcommorationem
444 3905 472 3954 in
497 3911 649 3956 monastero
675 3904 770 3955 iactam
795 3911 821 3954 et
841 3902 1006 3970 colloquium
1026 3916 1085 3951 cum
1103 3901 1172 3954 liar.

94 3961 167 4018 laamo
185 3969 331 4024 institutum
354 3981 381 4024 et
397 3973 461 4026 talia
483 3974 558 4040 iere,
584 3983 723 4042 postquam
742 3990 820 4026 aures
840 3989 950 4038 eorum,
981 3974 1099 4042 quitum
1122 3974 1172 4024 ad.

95 4046 165 4118 trent,
184 4041 306 4108 implevit
325 4052 350 4095 et
369 4052 492 4114 tanquam
505 4047 652 4098 iamdudum
665 4047 844 4114 excogitatum
863 4053 889 4095 et
902 4045 1059 4097 insidiosam
1078 4051 1172 4097 osten.

94 4104 125 4156 drt
140 4112 274 4166 consilium
293 4116 422 4168 adventus
443 4119 484 4168 sui
501 4119 621 4187 gloriosa
638 4118 750 4184 quadarn
767 4117 930 4168 iactationat
950 4116 1088 4168 conticuit.
1130 4123 1173 4166 at.

96 4191 140 4242 lli
156 4189 184 4233 nt
201 4199 270 4251 qttae
288 4187 445 4256 interposita
472 4199 533 4242 sunt
561 4191 678 4241 omittam
704 4197 731 4241 et
750 4202 924 4257 quaeeunque
949 4195 1026 4239 antea
1043 4199 1173 4236 neeessa-

96 4248 263 4323 diametrus,
284 4259 402 4313 adhaec
422 4263 605 4329 inexspectata
634 4266 661 4312 et
679 4258 869 4328 extemporalia
894 4259 1072 4327 prooemiatur
1092 4269 1173 4324 prae-
