2992 4916
206 343 427 412 nrsrourtu
454 293 712 412 uuzluuusu
728 347 881 413 xxxvu.
908 326 1035 412 5-9.
1125 339 1197 413 533

106 533 159 576 νον
180 511 224 586 εἰς
242 511 344 594 μῆκος
365 507 447 573 ἐστί·
499 507 560 573 καί
587 506 616 572 οἱ
647 507 855 590 ἐπηκολούθει
888 504 905 572 ὅ
935 504 1016 592 πρὸς
1038 508 1199 573 Φιλοθέοο

107 611 315 697 καθαιρεθείς
335 615 391 696 τῆς
410 635 444 677 τε
465 612 699 698 πατριαρχειάς
726 614 781 677 καί
800 615 856 698 τῆς
882 610 1056 698 ἱερωσύνης
1079 612 1202 678 Κάλλι-

108 738 187 791 στος,
214 711 249 790 ἱὶς
269 713 324 777 καί
347 710 442 788 αύτύς
462 712 610 798 καθάπερ
642 714 676 777 ἐκ
700 713 908 799 παρατάξεως
930 713 1125 796 άμονύμὲνος
1146 711 1203 776 ari·
1215 721 1233 774 l.
1243 719 1330 778 suta.

106 813 158 879 τύν
171 837 204 880 τε
217 818 374 900 καθαιρεῖ
385 815 440 900 τῆς
454 812 627 899 ἱερωσύνης
640 815 797 881 Φιλύθεον
814 815 869 879 καί
880 817 943 879 τοῖν
963 817 1204 899 ποτριαρχικαὶν

68 915 171 999 vluitr'
192 915 314 980 ἐκείνου
341 915 535 981 καθίσταται
565 905 692 1002 θρύνων
724 915 884 996 διάδοχος.
938 912 1025 991 ὅπως
1048 917 1077 980 δ’
1099 913 1205 990 αὐτοῖς

108 1015 314 1104 ἐσχεύιάοτοι
336 1014 376 1081 τά
397 1020 618 1096 τοιαῦτα,καὶ
639 1011 691 1084 οἱα
712 1018 941 1100 συμπέπτωκεν
962 1020 1055 1104 έτερα
1077 1017 1204 1102 μεταξύ,

107 1114 234 1202 εἴρηταί
250 1139 284 1180 τε
306 1141 445 1202 μετριως
472 1115 549 1202 ἡμῖν
577 1120 633 1185 καί
654 1120 814 1204 εἰρήσεται
846 1121 988 1184 πλείοσιν
1020 1116 1128 1194 ἄλλοις
1149 1117 1204 1203 τὴν

107 1216 251 1304 ἱστορίαν
273 1215 351 1293 ἴσως
374 1219 427 1294 εἱς,
437 1221 540 1303 μῆκος
559 1222 681 1301 μᾶλλον
710 1219 908 1284 ἐκτετακύσιν
928 1217 1020 1303 ἤμοῖν
1044 1220 1239 1283 israelem

107 1317 161 1384 καί
194 1319 254 1401 μὲν
289 1315 329 1402 δὴ
350 1318 516 1404 πρύσεισιν
540 1318 691 1394 Ἀλανίας
715 1322 767 1406 ’τῷ
797 1319 891 1383 πάλιν
912 1319 1205 1404 πατριαρχεύσαντι

68 1417 204 1504 1οτούτῳ
228 1418 409 1503 Καλλίστῳ,
434 1418 534 1504 λήθην
555 1442 589 1484 τε
613 1419 709 1497 άξιοὶν
727 1419 878 1504 γενέσθαι
893 1421 955 1483 τῶν
976 1420 1129 1504 πρύτριτα
1151 1419 1205 1483 ε’πὶ
1262 1445 1264 1450 ’

107 1517 270 1585 Φιλοθέοο
295 1518 528 1603 ἐγκεκλημένων
550 1519 653 1606 αύτῷ,
676 1520 732 1584 καί
754 1523 844 1605 δῶρα
869 1519 1008 1602 πέμψειν
1029 1517 1203 1600 ὑπισχνού-

104 1644 199 1704 μενος
222 1619 413 1706 ἀποχρῶντα
441 1621 681 1705 ἐπιδεδημηκώς
709 1622 740 1697 ές
760 1620 922 1686 Ἀλανίαν.
964 1623 1011 1706 τῷ
1032 1614 1088 1683 ούν
1112 1623 1204 1684 Καλ-

104 1721 199 1806 λίστῳ
225 1719 329 1801 ἔχοντι
350 1718 391 1785 τά
419 1720 633 1806 ἐπηγγελμένα
654 1723 687 1786 ἐν
719 1707 848 1787 ἐλπίσιν
863 1717 925 1807 ἤδη
949 1720 1203 1808 ἀναμφιλέκτοις,

103 1813 241 1903 τάχιστα
264 1822 447 1906 ἐπεραίνετό
470 1821 498 1885 οἱ
519 1823 571 1908 ἐφ’
588 1815 634 1898 οἱς
654 1823 841 1908 έμισθὶύθη·
886 1823 940 1887 καί
961 1817 1000 1908 ἦν
1023 1821 1110 1910 αύτηὶ
1125 1828 1203 1887 σολ-

66 1936 95 1990 1⁵
105 1919 290 2007 λειτουργὸς
309 1919 388 2006 ἡδύς
405 1922 558 2000 Ἀλανίας
579 1927 611 1989 ἐν
640 1917 765 2010 ἑορταῖς
784 1947 818 1988 τε
841 1925 897 1990 καὶ
917 1925 1129 2010 πανηγύρεσιν
1150 1924 1205 1987 καί

104 2024 257 2108 σύνεδρος
279 2025 312 2086 ἐν
332 2031 398 2100 τοῖς
419 2027 496 2088 καθ’
525 2021 649 2108 ἡμέραν
674 2027 894 2110 ψηφίσμασιν.
947 2024 1017 2089 ἐπεὶ
1046 2027 1075 2088 δ’
1105 2019 1123 2088 il
1145 2023 1242 2105 μὲνο

106 2125 214 2211 ἀπῄει,
235 2121 275 2189 τά
297 2126 326 2186 rl'
349 2123 563 2209 ἐπηγγελμένα
593 2125 693 2209 λήθης
725 2126 841 2205 pluitur}
871 2123 1109 2205 παρεπέμπετο,
1132 2124 1204 2187 αἰσ-

82 2305 86 2317 ⁵
104 2225 242 2308 θέμενος
262 2222 279 2288 ὁ
305 2223 380 2308 πρίν
394 2226 511 2300 ἐκεῖνος
533 2225 714 2310 κατήγορος,
739 2211 919 2298 Κάλλιστος
939 2217 1050 2304 ὄνομα,
1075 2221 1205 2307 άφίκετο

105 2328 193 2412 πάσῃ
218 2326 347 2410 σπουδῇ
366 2325 564 2410 βριθούσιιιζ
590 2326 754 2407 παλάμαις
786 2326 908 2388 ἐκεῖθεν
931 2320 1021 2408 παρὰ
1041 2322 1096 2388 τόν
1119 2320 1206 2410 ὅμοι’-

63 2448 96 2502 20
105 2448 207 2509 νυμον
229 2425 285 2489 καὶ
306 2423 485 2509 ύμύτροπον
500 2425 687 2502 Κάλλιστον,
712 2421 749 2501 ἱὶς
769 2424 945 2504 ἐκεκομίκει
966 2422 1120 2507 πρότερον
1144 2427 1205 2487 Φι-

106 2525 223 2612 λοθέηι,
246 2526 301 2589 καί
321 2526 377 2588 νύν
400 2525 541 2608 κομίζων
566 2526 756 2611 κατηγορίας
786 2519 867 2587 κιιτά
893 2524 950 2586 τού
969 2521 1129 2599 Ἀλανιάς,
1152 2521 1207 2586 καί

107 2625 176 2710 ἅμα
208 2626 264 2710 τήν
279 2649 311 2688 τε
339 2626 459 2690 ἐκείνου
497 2628 596 2709 ζητῶν
628 2626 819 2711 καθαίρεσιν
847 2625 903 2688 καί
932 2621 988 2706 τὴν
1009 2625 1065 2687 τού
1087 2622 1205 2707 θρόνου

102 2729 294 2812 μετάληψιν.
335 2726 376 2812 τῇ
397 2719 453 2790 ούν
474 2729 622 2812 παρολκῇ
642 2728 704 2791 τῶν
732 2726 905 2810 λημμάτων
932 2722 1168 2810 παρελκοσθεὶς
1188 2719 1211 2785 οἱ,

103 3049 241 3097 uurrrturu
262 3047 312 3092 est.
350 3038 425 3092 illius
443 3053 509 3092 reru
530 3053 620 3092 comes
641 3047 698 3092 eret
716 3037 844 3094 Callistus
863 3054 879 3090 ο
898 3036 1041 3090 Philotheo
1052 3052 1073 3086 »e
1091 3036 1225 3103 petrlurs

105 3115 187 3167 cluatu
217 3119 244 3164 et
272 3111 422 3163 sacerdotio
454 3112 571 3175 eiectus,
603 3112 647 3179 qui
670 3125 776 3164 suorum
802 3117 832 3161 ut
855 3124 969 3178 aequum
994 3107 1080 3160 visum
1109 3108 1209 3159 riudex

105 3185 277 3241 l‘hilotheum
297 3197 407 3233 munere
424 3197 516 3232 rursus
538 3183 628 3246 eiecit,
648 3191 674 3233 et
692 3183 720 3234 iu
738 3181 942 3248 patriarchatum
961 3179 1101 3231 successit.
1138 3193 1208 3246 quu-

104 3257 187 3310 modo
209 3262 297 3306 autem
318 3253 385 3305 haec
406 3254 476 3305 inter
497 3252 560 3305 illus
579 3262 638 3305 scta
657 3253 728 3314 sint,
749 3260 776 3303 et
797 3268 865 3320 quse
884 3252 938 3302 aliu
957 3249 1033 3302 simul
1053 3251 1208 3312 acciderint,

105 3332 160 3381 ium
179 3327 245 3378 setis
264 3341 279 3376 ο
298 3325 375 3375 uubis
395 3325 543 3390 expositum
565 3332 606 3376 ert
625 3331 652 3376 et
675 3331 843 3390 exponentur
862 3324 912 3374 lum
933 3321 1054 3390 pluribus
1073 3319 1144 3383 eliis,
1162 3319 1209 3370 ubi
1291 3333 1295 3340 ¹

106 3399 249 3451 historiam
275 3395 385 3464 lougius
411 3395 621 3462 produxerimus.
669 3397 760 3461 itaque
785 3393 900 3460 Sy'meou
929 3394 962 3445 ud
981 3392 1051 3443 huuc
1079 3392 1124 3460 qui
1143 3389 1209 3441 elim

106 3467 316 3539 patriarchatum
336 3466 464 3518 habuerat
484 3466 621 3521 Callistum
641 3484 671 3519 se
692 3465 820 3530 contulit,
837 3481 934 3534 rugans
953 3472 982 3515 ut
1001 3464 1139 3515 criminum
1157 3457 1209 3513 sibi

107 3541 160 3594 sub
183 3538 324 3591 Philuthec
349 3537 513 3590 obiectorum
545 3539 708 3591 oblivionem
729 3538 846 3601 luceret,
873 3545 899 3588 et
926 3537 1048 3602 promisit
1071 3533 1209 3602 largusne

108 3613 253 3664 missurum
273 3610 418 3675 pecunias,
445 3611 467 3661 si
485 3609 597 3662 Aluuiae
622 3612 649 3661 iu
668 3609 758 3662 sedem
785 3624 856 3660 suern
878 3611 1074 3658 restitueretur.
1112 3606 1208 3672 quibus

109 3681 242 3738 Callistus
263 3689 427 3744 commotus,
448 3695 526 3748 quum
555 3681 727 3732 certissimum
746 3681 933 3745 promissorum
961 3693 1034 3744 spem
1055 3676 1105 3728 sibi
1125 3677 1209 3726 lecls.

110 3762 164 3818 set,
185 3767 262 3821 quern
283 3750 424 3803 celerrime
445 3751 472 3802 id
493 3751 591 3814 effecit,
611 3760 638 3816 et
654 3757 746 3818 gratus
766 3751 822 3800 eius
849 3749 934 3814 suctus
955 3756 996 3799 est
1014 3747 1122 3816 college
1140 3746 1208 3800 Ala.

111 3827 175 3876 nius
194 3825 221 3874 iu
240 3823 391 3887 sacrificiis,
411 3822 495 3885 festis,
516 3822 636 3873 coetibus
656 3819 787 3887 publicis,
814 3828 840 3871 et
859 3820 948 3870 socius
967 3819 994 3869 iu
1013 3819 1120 3869 iudiciis
1138 3833 1208 3886 que.

109 3896 181 3949 tidie
200 3894 367 3946 exercendis.
404 3894 451 3945 sed
471 3908 549 3960 quum
569 3891 618 3943 ille
635 3891 739 3955 abiret,
757 3891 887 3957 promisse
905 3905 971 3942 rere
992 3891 1116 3940 contiuuu
1135 3889 1209 3941 obli.

110 3970 198 4019 vioue
216 3964 341 4033 neglectu
361 3971 467 4028 esseut,
487 3964 565 4031 idque
597 3962 763 4029 percepisset
789 3962 833 4028 qui
862 3976 921 4012 eum
940 3969 1017 4012 auter
1035 3968 1209 4013 accusauerat

109 4037 223 4089 nornine
242 4035 380 4100 Callistus,
398 4037 422 4086 ir
440 4036 510 4086 omui
529 4034 701 4085 festinatione
719 4041 745 4084 et
772 4032 860 4098 plenis
881 4032 1000 4083 munibus
1018 4032 1051 4083 sd
1070 4031 1209 4085 Callistum

110 4122 229 4177 quocum
248 4107 356 4158 nomine
375 4114 402 4160 et
422 4107 540 4157 moribus
553 4107 711 4156 coniunctus
731 4112 787 4166 erut
807 4105 962 4170 properavit
983 4110 1011 4155 ct
1030 4103 1121 4154 eedem
1140 4117 1209 4168 quse

111 4186 194 4230 entes
214 4177 283 4243 apud
301 4176 480 4240 l'hllutheum‚
503 4191 573 4228 nuuc
594 4175 662 4241 sputi
683 4173 758 4225 illurn
773 4177 883 4226 crimine
901 4175 928 4226 iu
946 4174 1068 4228 illuuiem
1088 4171 1209 4239 protulit,

114 4248 252 4318 simulque
274 4256 303 4301 ut
320 4247 441 4302 Alruium
460 4247 525 4312 sede
541 4262 589 4301 sus
607 4254 730 4308 mereret
756 4252 784 4297 et
801 4245 852 4302 sibi
872 4259 928 4306 esur
950 4245 1111 4306 concederet
1124 4257 1216 4312 'roge-¹
