2880 4910
198 348 416 422 mosomus
443 347 701 424 suetonium
719 358 814 426 xxx.
841 337 1029 436 31-34.
1105 351 1184 426 nse
1260 363 1265 372 ·

105 516 192 582 οίτοῦ
211 516 299 582 ἐστί·
340 510 426 604 ’πλην
447 517 500 584 διά
526 520 630 614 πάσης
644 518 774 607 ἔρχεται
795 523 848 604 τῆς
869 523 1027 609 θεότητος,
1050 525 1105 590 καί
1124 528 1183 610 τῆς

102 619 170 704 οάὲρ
191 615 247 702 την
262 622 363 685 κτίσιν
384 623 495 698 ου’σίας
518 625 603 688 ἐστίν
618 617 844 705 άαοτέλεσμα”.
889 621 967 714 ἐρᾷς
988 631 1054 702 πῶς
1074 623 1093 710 ηι
1116 631 1179 692 τῶν
1192 643 1247 695 n

102 719 249 800 ὀνομάτων
260 725 316 786 καί
336 717 487 806 ῥημάτων
502 726 617 807 γνῶσις
633 723 871 810 ἐσιοτημονικὴ,
893 727 934 791 δι’
957 717 1002 792 οἷν
1019 728 1106 810 λόγοι
1127 729 1183 793 καί
1223 733 1228 750 “
1274 735 1281 744 ’

100 821 290 908 α’σοφαντικά
316 820 465 916 δόγματα
486 823 586 890 πάντα
611 823 692 906 nitide
713 829 835 909 γένεσιν
857 826 1022 914 ἔρχονται,
1045 828 1183 915 μεγάλης

79 921 189 988 itione
210 930 265 1010 τῆς
292 927 456 1005 περινοίας
485 929 543 989 καί
569 924 756 1007 ἐξετάσεως,·
780 926 942 1009 ’ὁμώνυμα
971 926 1032 1014 γάρ
1057 932 1121 996 ἐστι
1144 930 1181 996 τά

98 1027 196 1094 πολλά.
240 1023 295 1090 καί
310 1024 364 1090 deni
389 1029 482 1090 τοῦτο
506 1029 617 1124 πάντες
642 1025 672 1092 οἱ
694 1031 756 1092 τάν
779 1025 944 1110 αἷρετικοῖν
966 1035 1087 1109 θίασοι,
1109 1032 1184 1098 soii-
1246 1077 1250 1086 .

98 1148 154 1208 τοις
179 1125 465 1211 ἐγκαλυπτόμενον,
489 1128 651 1205 τοξεύουσι
683 1132 750 1193 κατ’
779 1120 884 1194 άλλοτ’
915 1125 1031 1205 ἄλλους
1052 1131 1184 1217 καιροάς

98 1223 220 1309 άφανοῖς
242 1223 297 1310 την
322 1227 491 1306 ου’σέβειαν
514 1227 557 1304 ιές
580 1231 614 1294 ἐκ
636 1227 775 1313 λόχμης·
826 1220 852 1319 ᾧ
876 1229 913 1312 dr]
937 1234 993 1296 καί
1010 1236 1109 1314 λέγων
1130 1233 1185 1298 καί

96 1323 217 1411 γράφων
241 1329 298 1391 καί
319 1327 416 1404 αὐτὸς
438 1331 593 1413 κέχρησαι
612 1325 790 1413 τολμήματι
811 1326 993 1397 αανταάασι
1016 1331 1095 1398 κατά
1119 1335 1183 1398 τῶν

65 1427 181 1491 tituto
204 1426 369 1513 δογμάτων
388 1425 529 1510 μάλιστα
559 1431 686 1496 σάντων
708 1435 853 1512 ἐκείνων,
883 1431 937 1496 καί
969 1427 1041 1498 οίῖτε
1062 1433 1119 1520 την
1140 1432 1180 1501 τά

94 1529 184 1594 πάντα
205 1529 388 1613 βόσκουσαν
417 1529 508 1616 ἡλίου
535 1535 639 1617 φλόγα
658 1530 810 1618 μάρτυρα
842 1537 897 1616 τῆς
925 1541 1077 1619 πονηρίας
1098 1534 1183 1620 ἔχων

94 1627 232 1721 αἰσχύνη,
257 1623 413 1716 οὔτ’ἐμην
434 1633 488 1698 τὸν
512 1638 569 1699 τοῦ
592 1630 682 1719 ἧλίου
707 1633 900 1721 δημιουργὸν
916 1630 983 1702 οὔτ’
1002 1638 1181 1723 ἀνθρώπων

95 1733 210 1800 eddeva.
905 1797 913 1805 .

182 1840 255 1904 Καί
277 1837 330 1904 ἵνα
359 1863 396 1905 σε
415 1842 472 1903 καί
494 1839 549 1923 την
572 1842 628 1924 της
652 1841 813 1924 ἐνεργειάς
844 1839 964 1921 διδάξω
990 1842 1100 1930 φωνὴν
1123 1836 1248 1917 oei-u

60 1943 292 2020 15σανμᾶλλον
326 1942 389 2003 τῶν
417 1939 599 2033 ὁμωνύμων
624 1937 743 2024 αιίτην,
767 1944 823 2006 καί
854 1946 1096 2028 λαμβανομένην
1128 1945 1184 2009 καί
1193 1957 1212 2010 i.
1227 1943 1309 2010 moi.

92 2041 134 2103 ἐτ’
152 2034 257 2106 άλλων
285 2043 345 2124 μὲν
376 2039 458 2105 άλλά
494 2041 571 2104 idai
598 2046 652 2124 τῆς
676 2045 767 2118 θείας
798 2044 917 2128 ἐκείνης
939 2047 995 2107 καί
1021 2051 1183 2129 μακαριάς

93 2140 194 2216 οέσίας
217 2139 273 2205 καί
293 2140 432 2227 φάσεως,
455 2136 531 2206 ὅταν
554 2142 830 2227 α’σροσδιορίστως
853 2149 989 2227 λέγηται,
1012 2147 1069 2209 τοῦ
1090 2143 1181 2209 θείου

92 2245 210 2324 πρῶτον
227 2236 324 2305 nineve
358 2243 526 2323 Μαξίμου.
564 2237 605 2325 “ij
640 2242 968 2326 ου’τοϋαεραγαθότης
1003 2247 1077 2318 νοτίς
1097 2237 1179 2308 osiae

91 2346 137 2406 καί
159 2340 218 2427 ὅλη
239 2345 380 2426 ἐνέργεια
401 2343 446 2420 εἰς
469 2337 589 2426 ἐαυτὴν
610 2344 811 2428 ἐστραμμένη
841 2341 981 2426 ἐνέργειά
1010 2347 1114 2427 ἐστιν,
1144 2344 1184 2405 ου’

57 2445 83 2498 20
92 2443 219 2524 δυνάμει
251 2439 404 2527 πρότερον
425 2435 505 2508 οὖσα
530 2442 715 2529 α’φροσίνη,
744 2435 813 2508 εἶτα
834 2445 908 2519 νοῦς
930 2445 1070 2534 ἐνεργείᾳ
1091 2466 1181 2528 γενο-

89 2549 181 2629 μένη·
236 2542 314 2610 ὅθεν
348 2543 403 2609 καί
429 2548 504 2621 νοῦς
526 2547 597 2610 ἐστι’
623 2541 721 2626 μόνος
752 2542 918 2628 καθαρός,
941 2546 999 2610 οὐκ
1019 2546 1180 2630 ἐπίκτητον

90 2641 222 2728 ἔχοντά
249 2653 389 2733 φρονεῖν,
409 2645 489 2711 died
512 2647 588 2731 παρ’
611 2641 731 2711 ἑαυτοῦ
757 2645 881 2722 πάντως
911 2654 986 2711 νοεῖ.
1028 2650 1060 2712 εἰ
1078 2644 1181 2730 γάρὴ

90 2750 144 2826 μὲν
163 2747 261 2814 οάσίιι
291 2749 392 2814 adeost
423 2739 503 2834 άλλη
528 2750 630 2832 ἐστίν,
651 2744 672 2810 ii
695 2749 730 2812 δὲ
760 2755 831 2811 νοεῖ
847 2748 936 2834 ἕτερα
965 2747 1066 2813 ου’τοῦ
1087 2749 1181 2831 ἐστίν,

91 2986 197 3052 spiritus
217 2985 313 3049 saneti,
333 2999 427 3036 ereans
447 2985 515 3052 opud
530 2999 714 3053 quemcunque
734 2998 794 3036 esse
807 2983 918 3048 dieitur,
937 2982 1033 3036 fectum
1054 2984 1112 3035 eius
1131 2992 1181 3050 est,

91 3059 133 3109 sed
149 3072 200 3125 per
220 3064 300 3108 totam
321 3057 487 3108 divinitatem
512 3064 554 3109 est
577 3056 635 3107 fusa
656 3063 684 3107 et
702 3055 850 3120 essentiae,
877 3070 945 3124 quus
964 3062 1084 3106 estante
1103 3071 1182 3107 eres.

91 3129 197 3192 tionem,
220 3135 261 3179 est
272 3128 413 3195 perfectio.
451 3129 537 3192 vides,
556 3128 691 3179 nominum
712 3135 738 3178 et
757 3126 898 3180 verborum
918 3125 1098 3194 cognitionem
1118 3126 1181 3194 phi.

92 3198 263 3269 losephieem‚
285 3215 300 3250 e
323 3198 419 3267 quibus
438 3200 563 3252 notiones
586 3207 613 3250 et
630 3199 753 3268 dogmate
781 3199 924 3250 constitute
943 3197 1031 3248 omnin
1050 3198 1181 3263 oriuntur,

91 3286 209 3340 magnum
228 3272 369 3338 requirer'e
388 3271 599 3337 prudentiam-et
623 3271 821 3340 quaestionem:
842 3270 958 3321 eiusdem
979 3269 1048 3320 enim
1066 3270 1181 3321 nominis

92 3351 148 3396 sunt
166 3343 335 3411 plerumque,
373 3350 400 3393 et
416 3349 559 3409 propterea
578 3357 670 3394 omnes
682 3339 890 3394 *haeretieorum
916 3349 1019 3405 coetus,
1040 3340 1081 3392 his
1099 3342 1181 3394 invo.

91 3412 146 3480 luti,
166 3421 262 3482 petunt
278 3415 392 3465 diversis
413 3413 576 3480 temporibus
595 3414 708 3466 obscure
726 3414 853 3481 pietatem
872 3421 995 3481 tanquam
1015 3428 1048 3464 ex
1065 3413 1180 3479 insidiis,

92 3501 139 3551 qun
159 3494 188 3537 et
204 3487 263 3552 ipse
280 3501 343 3536 usus
364 3501 392 3536 es
411 3485 521 3536 audacie
547 3493 574 3535 et
594 3485 707 3536 dicendo
728 3493 755 3536 et
772 3485 912 3536 scribendo
940 3485 1046 3536 omnino
1067 3487 1181 3536 maxime

93 3566 180 3609 contre
199 3557 320 3624 dogmate
340 3557 431 3608 divine
457 3557 543 3608 omniu
563 3555 629 3621 ille,
660 3571 691 3606 ec
719 3571 808 3624 neque
827 3564 979 3623 pascentem
1010 3559 1098 3608 omnia
1115 3557 1181 3625 solis

91 3627 188 3693 ignem,
208 3644 285 3696 quem
305 3636 401 3679 testem
421 3627 503 3680 hebes
523 3628 662 3694 pravitatis
681 3635 758 3690 tuae,
778 3628 893 3692 vereris,
912 3643 1000 3697 neque
1018 3626 1084 3680 solis
1103 3642 1181 3680 eree.

92 3705 172 3751 torem
190 3715 279 3767 neque
299 3698 436 3766 hominum
454 3715 612 3767 quenquam.

187 3795 221 3848 Et
238 3803 268 3847 ut
292 3803 318 3847 te
338 3795 416 3850 etiem
444 3794 606 3846 efficientiae
632 3794 757 3846 edoceam
777 3808 872 3846 vocem
898 3809 958 3846 esse
977 3796 1060 3862 magis
1081 3809 1182 3845 eorun-

92 3868 147 3920 dem
165 3867 301 3920 nominum
318 3867 413 3933 ipsam,
434 3873 460 3917 et
476 3867 599 3932 usurpari
628 3873 655 3917 et
675 3867 702 3917 in
721 3865 781 3918 eliis
800 3865 905 3934 quidem
926 3866 973 3918 sed
999 3868 1071 3917 etin
1090 3862 1181 3918 divine

93 3938 137 3990 ille
157 3945 184 3990 et
202 3938 280 3990 heuto
300 3939 416 3990 essentie
431 3945 457 3989 et
476 3944 580 4002 nature,
598 3953 657 3989 enm
677 3939 821 3990 indiscrete
840 3937 958 4001 dicutur,
978 3938 1090 4004 primum
1109 3937 1182 3988 divi.

91 4025 149 4061 num
169 4010 261 4062 audies
280 4010 434 4062 dleximnm:
455 4009 568 4060 maxime
591 4009 714 4074 bonitas,
740 4023 808 4077 quae
825 4023 900 4060 mens
920 4017 970 4072 est,
989 4017 1017 4060 et
1034 4009 1118 4061 omnis
1139 4008 1182 4060 ei-

92 4081 217 4144 icientie,
236 4082 265 4132 in
283 4097 312 4133 se
333 4096 473 4145 converse,
488 4079 633 4132 efficientia
653 4087 703 4144 est,
723 4096 782 4132 eum
801 4095 854 4132 non
873 4082 1017 4132 seeundum
1035 4080 1182 4147 potentium

93 4161 168 4204 antea
185 4155 221 4204 sit
242 4153 365 4216 umentia,
385 4160 479 4219 postes
497 4167 571 4203 mens
586 4152 729 4203 secuudum
742 4152 911 4204 efficientiam
931 4152 970 4216 iit,
991 4153 1082 4220 itaque
1103 4152 1182 4202 etium

44 4286 48 4294 Ι
98 4238 170 4276 mens
192 4231 233 4276 est
251 4223 309 4275 sole
330 4239 412 4290 pum,
439 4237 493 4274 non
512 4224 612 4275 adscite
642 4238 690 4275 usu
711 4224 893 4291 cogitatione,
911 4224 962 4276 'sed
986 4223 1183 4290 perseipsum

103 4296 206 4350 omnino
233 4294 371 4364 intelligit.
416 4295 513 4348 etenim
543 4295 565 4350 si
586 4296 710 4350 essentie
734 4296 790 4350 eius
808 4296 915 4350 divense
934 4303 990 4362 est,
1010 4309 1078 4365 quae
1096 4299 1183 4345 eutem
