2992 4918
278 353 337 429 4.
579 367 802 435 nrcmnonr
833 345 1067 437 enneomn‘

278 525 360 610 λαδή
383 526 437 591 τόν
460 528 611 615 τοξότην,
632 533 695 594 τῶν
716 533 806 595 δυοῖν
835 531 1061 616 διατριβόντων
1085 528 1266 616 φωστήρων
1287 555 1378 615 τηνι-
1479 525 1489 548 ’

277 630 387 713 καύτα,
407 630 463 719 καί
482 627 575 708 μόλις
597 653 658 695 που
682 635 903 697 πεντεκαίδεκα
932 635 1046 716 μοι’ρας
1071 630 1295 716 ἀφισταμένων
1317 627 1378 695 ἆλ-

276 723 402 811 λήλιον,
430 725 511 809 μετὰ
536 728 670 796 σύνοδον
691 722 753 817 ήδη
777 735 831 815 τῆς
845 735 977 816 σελήνης
999 729 1180 818 φευγούσης
1202 729 1256 797 τὸν
1275 726 1377 814 ἥλιον,

275 830 331 893 καί
350 824 447 913 μήπω
468 831 543 912 μηδ’
572 830 673 916 αύτῆς
695 835 771 918 μηδ’
801 833 856 898 lul
875 830 984 919 βραχύ
1020 834 1197 916 δυναμένης
1221 835 1377 917 βραχείας

274 933 350 1012 γοῦν
373 935 413 1017 τῇ
446 930 517 994 καθ’
549 933 633 1016 ἡμᾶς
665 935 833 1022 οἰκουμένη
862 941 1012 1018 χορηγεῖν
1035 934 1098 998 τῶν
1126 934 1249 999 οἰκείων
1269 926 1400 1016 αύγιύνὸ

275 1027 334 1103 τοὶς
356 1032 536 1111 λαμπάδας.
579 1029 641 1115 ἐγώ
663 1035 740 1115 γούν
754 1027 875 1117 ἇήθους
898 1037 953 1098 καί
968 1037 1057 1112 ξένου
1079 1031 1165 1113 τινρς
1186 1031 1376 1115 αἰσθόμενος

273 1255 353 1316 μην·
397 1209 464 1297 εἶτα
498 1231 603 1318 φωτὸς
627 1233 829 1314 κομισθέντος
862 1235 917 1300 καί
940 1233 1018 1301 ῖδοόν
1037 1234 1106 1300 οὐδ’
1126 1229 1227 1312 οὕτως
1249 1228 1375 1300 ούδέπω

273 1334 337 1394 τοόν
359 1337 526 1416 γνωρίμων
540 1333 624 1410 ε’ντός
645 1332 793 1414 ἐνόμιζον
812 1329 895 1400 εἶναι
919 1334 1001 1421 τινύ,
1021 1337 1153 1421 μακρῶν
1176 1335 1230 1400 διὰ
1245 1333 1302 1420 τήν
1320 1337 1375 1400 έκ-

274 1433 395 1516 δημιάν
420 1427 483 1517 ήδη
506 1458 567 1498 που
600 1441 851 1518 παραρρυέντων
872 1439 970 1518 ε’τοδν,
992 1437 1048 1501 καί
1068 1436 1149 1502 αύτύι
1174 1435 1288 1521 σχεδὸν
1309 1438 1374 1502 τῶν
1385 1444 1418 1498 10
1458 1479 1464 1488 »

273 1535 487 1618 χαρακτήρων
509 1539 565 1617 τῆς
583 1529 687 1618 ὅψεως
710 1539 812 1600 αύτού
823 1539 863 1601 τὰ
884 1546 1003 1623 σημεῖα
1023 1540 1080 1622 τῆς
1105 1540 1191 1621 ἐμῆς·
1205 1537 1374 1624 οἷφῃρημέ.

274 1657 338 1696 νων
359 1634 495 1717 μνήμης.
538 1630 607 1698 ἄλλ’
628 1639 744 1712 ἐκεῖνος
764 1638 837 1702 ε’πεέ
853 1661 887 1703 τε
904 1636 968 1704 ἴδοι
990 1642 1045 1702 κατ’
1066 1638 1217 1723 α’ναγνοέη
1236 1636 1394 1719 βεβαίως]

275 1733 349 1813 ἐμέ,
384 1731 500 1815 βύθιόν
529 1721 562 1800 τι
597 1736 651 1802 και“
696 1733 833 1823 σφόδρα,
865 1743 1041 1825 περιπαθὲς
1074 1739 1263 1829 ἀνῴμωξεν,
1310 1730 1374 1804 οἷον

70 1858 73 1866 ’
179 1889 183 1896 ,
274 1826 399 1917 ἅθρουν
420 1834 491 1901 τινύ
520 1839 575 1902 καί
601 1834 768 1923 ὁμιχλώδη
798 1839 917 1905 καπνδν
949 1846 1133 1924 καμινιαέας
1161 1834 1298 1926 αῑθύλης
1319 1842 1375 1924 τῆς

273 1929 364 1999 ἔνδον
387 1939 532 2016 ἐπιεικῶς
553 1937 755 2025 ύδυνωμένης
776 1945 887 2025 ψυχῆς
909 1942 1104 2024 διαπέμπων
1124 1945 1181 2008 τού
1201 1943 1419 2023 στόματος·15

273 2035 329 2098 κατ’
349 2029 417 2117 ἅμα
439 2043 626 2123 περιχυθεὶς
647 2042 703 2105 καί
721 2043 901 2126 περιβαλών
912 2067 954 2126 με
974 2044 1085 2112 utute(
1100 2038 1214 2108 ἑαυτὸν
1234 2045 1293 2107 τού
1315 2043 1375 2106 δα-

273 2135 380 2220 κρύειν
401 2141 547 2222 κατέχειν
568 2143 721 2227 ἐδύνατο,
744 2143 812 2206 ούδ
847 2142 980 2227 α’πύγειν
1003 2143 1122 2234 ρ’ρδέως
1143 2141 1247 2208 ἐκεῖνα
1271 2142 1374 2228 δήπου

272 2239 374 2321 λέγειν
396 2233 456 2303 ὅσα
486 2241 593 2326 γνούμη
618 2242 752 2309 δίδωσιν
766 2245 801 2309 ἐκ
823 2242 924 2330 λύπης
954 2247 1010 2310 καί
1026 2244 1132 2330 Ιχαραῖς
1159 2247 1376 2329 α’νακεραννυ-

272 2342 352 2424 μένη
381 2344 437 2404 καί
469 2343 695 2425 ζυγομαχούσα
733 2349 794 2410 καί
818 2370 884 2423 πως
911 2348 1198 2431 μεταχρωννυμένη
1229 2342 1286 2430 τήν
1319 2346 1375 2429 τῆς

272 2436 365 2518 ἕξέως
387 2441 496 2526 βαφὴν
518 2443 574 2526 τῆς
589 2447 708 2527 ψυχῆς.
739 2444 836 2512 ἔπειτ’
856 2444 1007 2530 α’νασχιύν
1027 2449 1073 2522 εἰς
1092 2439 1177 2530 ύψος
1189 2442 1249 2520 τύς
1261 2452 1420 2530 χεῖραςλθ

268 2539 472 2625 κεύχαριστοιῖ
493 2567 555 2624 σοι,
574 2542 716 2611 πύντων”
733 2545 819 2630 ἔλεγε
837 2543 946 2631 “θεο’ς,
971 2537 1023 2611 ύτι
1041 2570 1094 2630 με,
1115 2545 1191 2629 πρίν
1211 2541 1233 2629 ἢ
1252 2549 1373 2626 θανεῖν,

273 2641 393 2726 θεατήν
428 2641 592 2719 ἐδεδοίκεις
616 2650 766 2728 γενέσθαι
786 2652 843 2713 τού
865 2651 1084 2730 ποθουμένου,
1116 2645 1153 2714 δν
1185 2645 1246 2731 ε’γώ
1274 2651 1374 2731 μέχρι

237 2738 242 2744 ”
273 2743 329 2806 καὶ
351 2744 383 2820 ἐς
411 2740 484 2810 τόδε
509 2749 572 2810 raia
594 2749 629 2811 έν
655 2750 715 2835 peip
744 2746 869 2814 πάντων
891 2749 1002 2833 atsur·
1019 2749 1214 2835 ἐπίπροσθεν
1238 2749 1374 2812 διετετε-

279 3071 429 3140 quindecim
450 3071 507 3125 lere
527 3074 646 3141 partibus
666 3074 778 3126 alterum
796 3074 828 3126 ab
850 3075 936 3126 altero
951 3073 1065 3126 distabat
1082 3072 1145 3124 luna
1162 3078 1224 3139 post
1240 3085 1373 3140 congres-

277 3160 335 3195 sum
353 3145 404 3195 iam
424 3144 509 3196 solem
534 3145 672 3214 fugiente,
696 3147 735 3196 itn
752 3153 782 3197 ut
800 3147 857 3213 ipsa
876 3161 910 3196 ne
929 3147 956 3196 in
974 3145 1059 3197 breve
1076 3145 1181 3214 quidem
1200 3151 1304 3210 tempus
1326 3142 1373 3194 vet
1443 3195 1446 3200 ,

185 3257 192 3267 ,
278 3215 376 3281 exigua
393 3223 511 3266 nostram
525 3225 622 3268 terram
640 3216 703 3268 luce
722 3216 882 3270 collustrare
899 3224 1000 3285 posset.
1022 3230 1073 3286 ego
1092 3223 1180 3266 autem
1199 3230 1277 3283 quum
1292 3221 1373 3266 noete

281 3285 441 3353 intempesta
463 3302 563 3339 novum
589 3296 668 3356 atque
688 3288 826 3340 insolitum
848 3290 974 3341 sentirem
996 3288 1152 3354 strepitum,
1177 3287 1289 3352 primum
1309 3285 1371 3352 qui.
1488 3335 1489 3363 ,

275 3357 335 3408 dem
359 3366 430 3409 metu
449 3361 608 3425 perterritus
638 3374 725 3424 eram3
754 3361 850 3412 deinde
879 3374 946 3412 vero
976 3359 1077 3410 lumine
1102 3357 1185 3409 allato
1215 3372 1294 3424 quum
1319 3358 1372 3406 iam
1460 3369 1465 3380 ·

276 3444 388 3480 cernere
410 3430 497 3482 oculis
517 3445 634 3498 possem,
654 3447 821 3500 nequaquam
839 3439 931 3483 notum
950 3431 1079 3500 quendam
1100 3429 1164 3480 mihi
1184 3427 1317 3479 hominem
1327 3429 1372 3478 in-

275 3509 318 3551 tus
341 3515 400 3552 esse
418 3502 551 3567 putabam.
596 3502 694 3554 multos
718 3506 787 3555 enim
812 3505 863 3556 iam
882 3517 965 3555 annos
989 3502 1039 3553 ille
1057 3501 1245 3568 peregrinatus
1266 3499 1372 3562 luerat,
1487 3521 1488 3540 ι

274 3572 312 3621 ita
329 3580 358 3622 ut
379 3575 506 3638 temporis
524 3573 721 3642 longinquitate
740 3577 816 3643 signa
835 3582 915 3643 atque
935 3574 1097 3626 lineamenta
1113 3573 1166 3624 oris
1186 3571 1243 3622 eius
1262 3587 1296 3622 ex
1313 3585 1373 3622 mea

274 3643 401 3694 memoria
421 3643 479 3694 lere
501 3646 671 3698 excidissent.
717 3646 775 3708 ille¹
791 3655 878 3698 autem
900 3662 979 3714 quum
998 3661 1040 3696 me
1065 3645 1171 3696 videret
1191 3649 1270 3709 atque
1291 3641 1373 3709 plane

275 3724 444 3781 agnosceret,
455 3716 630 3767 vehementer
652 3726 795 3769 commotus
814 3718 846 3769 ab
867 3720 920 3768 imo
941 3725 1053 3783 pectore
1064 3716 1207 3782 suspirium
1227 3712 1327 3776 eduxit,
1346 3719 1374 3762 et

252 3785 256 3802 ⁸
275 3784 361 3837 veluti
381 3786 488 3838 densum
508 3795 588 3856 atque
606 3788 764 3841 nebulosum
785 3789 883 3840 fumum
902 3798 928 3840 et
948 3788 1089 3858 fuliginem
1108 3785 1270 3839 fornacalem
1290 3784 1373 3836 animi

274 3858 346 3909 intus
366 3873 466 3909 summo
489 3859 583 3911 dolore
608 3861 752 3912 aestuantis
779 3877 812 3912 ex
835 3876 882 3912 ore
908 3859 1061 3924 exhalavit,
1080 3873 1176 3927 meque
1204 3855 1372 3908 circumdatis
1475 3881 1479 3886 ·

275 3928 347 3980 collo
369 3929 485 3984 brachiis
504 3932 668 3999 amplexatus
688 3948 703 3982 a
723 3931 841 3984 lacrimis
861 3932 911 3985 sibi
932 3941 1082 3998 temperare
1100 3945 1154 3982 nen
1169 3930 1265 3996 potuit,
1283 3941 1372 3994 neque
1410 3957 1412 3962 ,
1485 3957 1486 3992 η

274 4015 339 4052 sane
361 4018 390 4054 se
411 4010 505 4054 tenere
524 4005 663 4071 quominus
683 4004 803 4070 diceret,
825 4020 893 4073 quae
912 4019 1006 4057 sensus
1024 4017 1147 4055 maerore
1171 4009 1250 4070 atque
1268 3999 1373 4052 laetitia

273 4075 440 4138 commixtus,
461 4091 539 4143 quum
562 4091 652 4126 secum
673 4077 732 4142 ipse
754 4077 921 4146 eonllictatur
929 4077 1097 4143 animumque
1108 4074 1184 4142 quasi
1203 4072 1256 4124 alio
1273 4069 1372 4122 ·colore
1484 4141 1485 4146 Ἰ

271 4142 376 4210 imbuit,
395 4146 473 4197 nobis
496 4161 643 4213 suggerere
665 4155 744 4214 atque
770 4149 884 4201 iniicere
905 4148 984 4201 solet.
1024 4146 1120 4199 deinde
1141 4150 1227 4195 aulem
1251 4143 1372 4195 manibus
1484 4153 1485 4206 l

247 4213 251 4222 “
273 4215 399 4282 sublatis,
426 4221 508 4286 gratis
528 4219 576 4268 tibi
597 4235 663 4288 ago,
683 4219 871 4286 inquit,(leus
894 4221 1071 4286 omnipotens,
1089 4217 1161 4285 quod
1180 4223 1242 4268 ante
1260 4222 1371 4266 mortem

273 4290 432 4360 optatissimi
449 4291 514 4342 milri
535 4289 650 4344 hominis
672 4290 798 4357 adspectu
822 4292 873 4343 frui
897 4293 1050 4359 permisisti,
1060 4303 1138 4360 quem
1146 4302 1197 4358 ege
1219 4287 1305 4340 adhue
1322 4299 1370 4340 ut·
1483 4337 1484 4360 ,
