2926 4906
221 368 295 450 (ιον
520 383 745 458 nicusuom
776 367 1007 454 cussonis

218 545 300 636 ἦθος
318 547 515 636 κιβδηλεύειν
537 547 668 632 ἔμελλον
689 544 749 626 ἀν,
772 555 904 631 σεμναῖς
935 548 1081 633 ἀσόμνως
1107 547 1219 628 ἀκοαῖς
1248 553 1315 620 δνο-

151 657 204 710 1!
215 654 365 733 χλούσαι.
387 654 511 735 μάλλον
534 653 563 715 δ’
588 651 689 714 εἰπεῖν
708 651 917 738 οἰκειότερον,
946 649 990 729 σός
1010 653 1087 738 πρίν
1106 653 1179 732 τοὺς
1200 659 1315 722 droso-

219 753 339 836 πήλοος
360 751 499 827 ἐκείνους
520 750 538 816 ό
560 753 670 837 κύριος
690 754 726 816 ἐκ
743 756 801 818 τού
822 751 921 838 ἱερού.
963 748 1073 840 ὥσπερ
1098 754 1160 842 γὰρ
1182 757 1316 822 ἐπὶτῶν

219 852 422 940 φαινομένων
453 853 650 939 πραγμάτων
678 853 699 939 ἧ
730 855 790 939 μὲν
820 854 916 941 φύσις
952 855 1092 921 ἀνείδεον
1111 858 1230 943 τρόπον
1249 882 1318 925 τινα

217 952 274 1038 τὴν
301 951 381 1039 ύλην
410 954 548 1041 παρέχει
576 962 644 1032 τοῖς
674 955 858 1042 ἀνθρώποις
890 957 948 1022 καί
977 953 1166 1025 ύπεναντίαν
1202 958 1248 1036 οἷς
1280 956 1339 1028 τόδ

218 1052 322 1118 πολλοὶ
344 1053 425 1141 πρός
445 1054 481 1120 τὸ
501 1056 682 1142 χρήσιμον,
705 1057 876 1143 ἐπειδήπερ
899 1054 920 1141 ἦ
941 1059 1001 1140 μὲν
1025 1058 1120 1144 φύσις
1145 1058 1200 1126 τόν
1223 1058 1319 1126 αύτόν

217 1155 269 1220 ἀεὶ
291 1156 527 1241 συγκεχυμένον
548 1157 605 1222 καί
629 1157 815 1243 ἀδιάκριτον
831 1158 954 1243 ,τρόπον
974 1166 1069 1246 τηρεῖ
1081 1162 1137 1244 τῆς
1156 1162 1318 1246 γενέσεως,

217 1253 292 1321 δύ’
317 1255 505 1322 ἀπαιτοῦσιν
537 1257 570 1322 αἱ
609 1261 761 1343 διηνεκεῖς
781 1257 838 1323 καί
873 1259 1027 1347 διάφοροι
1054 1264 1117 1326 τῶν
1139 1261 1318 1348 ἀνθρώπων

212 1364 325 1444 χρεῖαι
332 1405 342 1434 ,
375 1359 476 1422 ταῦτα
504 1358 698 1442 μεταβάλλει
730 1359 832 1424 πάντα
863 1363 1014 1448 πολλαχῇ
1033 1362 1089 1428 καί
1110 1362 1319 1449 πολυτρόπως

213 1455 267 1522 ἀπ’
293 1454 397 1522 αύτῶν
418 1458 499 1544 πρὸς
528 1457 764 1544 τδχρήσιμον,
798 1457 958 1528 οάιωκαδ
988 1464 1073 1530 τότ
1097 1462 1241 1547 όνόματα
1264 1464 1318 1528 καί
1327 1479 1356 1533 10

216 1557 344 1644 ῥήματα
368 1560 512 1646 δοαγνοιη
536 1556 575 1626 ἀν
595 1586 643 1638 τις
664 1561 795 1641 ἔχοντα,
819 1563 875 1628 καί
894 1562 1031 1647 μάλισθ’
1055 1561 1117 1630 ὅσα
1138 1571 1209 1639 ταῖς
1229 1561 1317 1647 όμω-

215 1659 345 1740 νυμιάις
366 1663 585 1746 περιδινεΐται,
608 1660 755 1748 καθάπερ
778 1659 839 1748 ύλη
859 1688 907 1741 τις
920 1666 1077 1751 διάφορος
1092 1660 1154 1728 ἀπὸ
1167 1666 1224 1748 τῆς
1243 1665 1317 1746 τέχ-

216 1783 271 1843 νης
291 1761 582 1847 παιδαγωγούμενά
601 1785 635 1828 τε
656 1765 713 1828 καδ
738 1763 820 1850 πρὸς
847 1763 883 1830 τό
908 1766 1071 1852 χρήσιμον
1098 1772 1164 1842 τοῖς
1192 1749 1318 1852 καιροῖς

214 1860 271 1924 καί
289 1867 361 1936 ταῖς
381 1863 445 1926 sois
465 1863 655 1950 γραφόντων
684 1865 741 1930 καί
767 1867 1001 1952 διαλεγομένων
1033 1873 1102 1932 κατ’
1135 1869 1317 1951 οἰκονομίαν

146 1970 199 2024 10
214 1959 391 2028 ύποδὲσεσι
400 1964 673 2050 μεθαρμοζόμενά
686 1990 720 2032 τε
739 1967 795 2031 καί
808 1968 1128 2052 μεταλαμβανόμεναι.
1170 1970 1226 2034 καί
1244 1967 1315 2034 τού-
1325 1979 1353 2038 15

213 2086 278 2127 των
299 2061 377 2146 ἡμῖν
401 2063 617 2150 ἀρχιτέκτονες
637 2066 666 2131 οἱ
690 2072 776 2132 &sios
796 2070 855 2153 τῆς
864 2069 1033 2153 ἐκκλησίας
1057 2070 1246 2135 διδάσκαλοι
1266 2070 1315 2156 γί-

212 2187 340 2242 νονται,
375 2165 404 2229 εἰ
432 2168 633 2250 βουλοιμεθα
665 2168 831 2255 προγόνων
863 2169 964 2256 φάναι
988 2173 1138 2256 χρηστῶν
1167 2170 1316 2256 ἀπόγονοι

211 2263 349 2349 χρηστοί
370 2270 564 2345 καλεῖσθαι,
596 2271 735 2355 μηδαμῇ
755 2267 796 2335 τό
817 2271 945 2335 ἐκείνων
966 2273 1240 2356 τοιχωρυχοῦντες
1261 2272 1316 2336 καί
1396 2341 1399 2354 ,

214 2368 446 2452 παρασπῶντες
482 2367 539 2433 καί
571 2371 799 2455 σπαράττοντις
828 2371 910 2436 κατὰ
936 2369 1010 2448 τούς
1047 2369 1231 2456 ἀγνύμονας
1261 2373 1315 2438 καὶ

216 2467 416 2552 πατραλοίας
435 2471 555 2545 παῖδας
574 2470 731 2561 ἐκείνους,
755 2467 810 2547 ούς
832 2470 957 2549 ἔξοόλεις
978 2472 1035 2538 καί
1057 2470 1213 2557 προύλεις
1234 2473 1348 2538 ἐπα-λδ

217 2571 336 2654 ραῖνεαι
366 2568 479 2646 πάντες
509 2569 725 2636 ἀπόλλυσθαι.
776 2570 885 2658 δι’σπερ
920 2573 1023 2656 δήπου
1055 2573 1111 2638 καί
1137 2573 1270 2659 Πέτρος
1296 2571 1312 2636 ύ

211 2673 303 2746 ιδεῖσς
326 2667 508 2749 ἀπόστολος,
533 2672 694 2738 διδάσκων
715 2670 761 2758 μὴ
783 2673 989 2760 διαστρέφειν
1000 2674 1058 2751 τὰς
1070 2674 1163 2749 θείας
1185 2672 1310 2760 γραφάς

202 2767 295 2856 ’πρός
315 2771 432 2837 κακίαν
453 2771 654 2860 ἀντίρροπον,
674 2775 730 2841 καὶ
749 2774 825 2840 τάδε
847 2777 1069 2862 προστίθησιν.
1108 2771 1174 2852 ιὀἷς
1194 2771 1213 2840 ό
1235 2772 1311 2858 ἀγα.
1403 2781 1406 2804 ’

212 2867 310 2953 πητύς
340 2867 432 2955 ἧμάν
454 2870 594 2960 άδελφος
615 2877 754 2951 Παῦλος
783 2875 866 2939 κατὰ
889 2873 946 2958 τὴν
972 2873 1059 2962 αύτρῗ
1081 2875 1235 2940 δοθεῖσαν
1258 2895 1310 2938 σο-
1365 2900 1369 2911 ·

211 3109 351 3165 pravoque
371 3096 451 3148 modo
468 3096 600 3151 honorum
618 3099 754 3152 hominurn
775 3115 853 3153 aures
872 3099 1018 3153 offendere.
1054 3097 1099 3151 ael
1118 3106 1148 3151 ut
1167 3099 1239 3168 quod
1256 3113 1313 3150 ma.

214 3169 256 3234 gis
274 3166 326 3219 huc
345 3169 472 3237 quadrat,
491 3171 575 3222 dicam
594 3169 809 3238 blasphemorum
829 3170 1040 3239 expulsioneme
1058 3171 1142 3222 sacris
1161 3171 1312 3238 peripsum

210 3245 329 3290 nostrum
353 3240 496 3292 dominum.
549 3244 767 3310 quemadmodum
800 3246 829 3295 iu
852 3243 932 3295 rebus
960 3242 1077 3294 externis
1103 3248 1198 3294 natura
1222 3242 1313 3293 rudem

212 3315 336 3378 quantam
355 3311 492 3362 materiam
513 3312 622 3366 exhibet
643 3313 795 3366 hominibus
819 3319 958 3382 nequent
981 3312 1034 3364 alia
1052 3310 1165 3380 piurima
1184 3312 1218 3364 ad
1238 3327 1312 3364 nsum

210 3380 275 3433 sutis
299 3388 377 3447 apta,
409 3396 487 3449 quum
511 3392 623 3436 naturae
647 3385 674 3436 id
693 3386 828 3452 proprium
857 3386 892 3436 sit
923 3391 952 3434 ut
986 3398 1035 3452 pro
1062 3384 1182 3452 *origines
1196 3397 1245 3435 sua
1269 3397 1311 3435 res

208 3452 281 3503 iuter
298 3465 328 3502 sc
347 3452 503 3504 coniunctas
523 3462 550 3506 et
566 3457 731 3522 inseparatus
754 3457 903 3519 contiueat,
924 3461 1011 3506 tamen
1031 3462 1090 3506 utut
1108 3454 1243 3505 hominum
1262 3469 1311 3507 su-

205 3523 249 3574 'ria
269 3520 383 3573 consiliu
407 3523 534 3576 continuo
566 3525 703 3594 dagitunt,
728 3534 812 3578 mutet
837 3527 925 3577 omnia
952 3525 1028 3577 vurio
1055 3525 1133 3576 modo
1161 3525 1200 3575 iu·
1218 3523 1310 3576 horum

107 3601 110 3618 ¹
209 3607 301 3646 usam:
323 3593 360 3644 ita
382 3606 490 3661 quoque
519 3598 626 3649 nomina
653 3613 685 3649 ac
711 3597 794 3649 verba
827 3611 888 3648 sese
913 3595 1012 3648 habere
1032 3595 1203 3662 conspicuum
1226 3603 1311 3648 esset

209 3664 356 3733 praecipue
377 3679 445 3731 quae
469 3666 669 3720 similitudinem
693 3669 824 3732 reddunt,
843 3675 967 3734 tanquam
986 3668 1096 3718 materia
1115 3667 1243 3732 quaedam
1263 3681 1311 3733 par

209 3741 241 3788 se·
259 3734 382 3799 coninua,
402 3741 461 3787 arte
472 3736 583 3791 formata
603 3746 630 3791 et
650 3741 682 3792 ad
701 3755 777 3791 usum
798 3739 874 3789 modo
892 3752 941 3805 pro
959 3737 1089 3805 singulari
1108 3738 1214 3788 ratioue
1233 3739 1309 3788 modo

209 3820 259 3873 pro
284 3805 456 3858 scribentium
487 3816 533 3861 aut
559 3803 704 3863 dicentium
732 3809 896 3879 argumentis
923 3809 1060 3860 commode
1084 3807 1202 3860 adhibita
1222 3814 1249 3859 et
1266 3811 1309 3859 iu.

210 3892 299 3929 versa.
336 3877 365 3928 in
394 3876 436 3931 his
460 3888 547 3931 autem
574 3881 714 3933 architecti
738 3889 799 3932 sunt
817 3881 902 3931 nostri
925 3879 1011 3931 sancti
1031 3878 1162 3930 ecciesiae
1180 3879 1309 3946 magistri,

169 3967 179 3978 ·
208 3949 232 4002 si
253 3962 304 4001 nos
321 3963 419 4002 resera
437 3958 539 4017 patrum
569 3951 698 4004 bonorum
725 3952 796 4004 bona
814 3950 906 4019 proles
925 3949 978 4000 dici
998 3960 1087 4018 neque
1107 3964 1177 4018 qnae
1197 3949 1231 4000 ab
1254 3948 1310 4001 iilis

210 4019 344 4082 coniecta,
364 4020 489 4074 volumus
503 4023 647 4088 sudodere,
666 4021 825 4086 distrahere,
844 4021 1019 4074 conscindere
1031 4027 1227 4072 utamenteset
1246 4035 1309 4086 par.

208 4090 311 4143 sicidae
328 4091 374 4142 isti
397 4090 507 4156 fuciunt,
527 4109 594 4160 quos
611 4095 729 4159 perditos
748 4092 890 4162 scelestos,
906 4092 1002 4159 dignos
1021 4093 1066 4160 qui
1087 4099 1209 4158 pereunt,
1230 4106 1309 4143 exse-

210 4169 316 4214 crantur
337 4175 438 4214 omnes.
477 4177 559 4230 qnare
581 4163 607 4216 S.
626 4163 765 4231 apostnins
782 4162 875 4216 Petrus
894 4164 953 4214 dnm
969 4170 1060 4214 monet
1077 4177 1112 4214 ne
1129 4177 1219 4214 sacras
1239 4162 1308 4214 scri-

212 4239 303 4298 ptam
323 4231 500 4299 depravemus
532 4235 560 4287 in
577 4233 724 4287 insolentia
744 4234 811 4286 hunc
830 4234 908 4286 dicits
933 4234 1020 4286 “sicut
1039 4241 1066 4286 et
1085 4234 1240 4287 carissimus
1256 4234 1310 4286 ira-

211 4309 255 4360 ter
273 4309 367 4360 soum
384 4301 485 4360 tenus
502 4305 648 4362 emendum
667 4306 756 4362 datam
773 4305 827 4361 sihi
848 4305 1006 4374 sapientiam
1031 4305 1142 4374 scripsit
1158 4303 1252 4373 vobis,
1270 4304 1310 4360 si·
