2952 4902
265 309 335 392 tot
404 365 408 374 ι
565 326 791 396 arcannonr
820 324 1052 396 orrooatn

262 493 336 567 σιάς
355 493 524 576 θηρᾶσθαι
546 489 636 566 τινὰς
659 493 819 576 α’μυδρώς.
873 494 975 576 γνοίης
997 494 1025 556 δ’
1048 487 1107 559 erla
1128 491 1215 575 ὅμώς
1234 495 1369 564 admno-

263 599 332 676 θεν,
354 595 386 660 εί
404 589 443 656 τώ
466 597 564 660 πλειίο
596 593 650 658 διδ
683 598 858 674 συντομίαν
892 597 946 658 καί
970 600 1103 661 τουτοινὶ
1131 600 1283 678 παρόντες
1304 600 1367 667 κοῦ

264 686 420 776 δρχοντος
455 697 671 776 διεξέλθωμεν
701 693 780 791 ἔνια.
834 692 924 764 ἔσται
944 691 1005 780 γάρ
1028 699 1063 762 ἐκ
1083 701 1147 762 τών
1165 697 1284 779 ἔξωθεν
1304 726 1365 787 ση-

260 800 358 876 μείων
376 792 537 879 γνώριμος
566 807 631 874 τοῖς
653 803 876 882 συνετωςέροις
906 796 962 862 καί
988 799 1118 864 τουτουί
1136 803 1189 882 τῆς
1212 806 1319 884 ψυχῆς
1343 802 1364 886 ἦ

259 897 426 976 διάθεοις,
447 896 502 963 καί
522 899 565 975 alc
586 906 750 987 optatecare*
767 907 828 984 μὲν
849 900 927 984 περί
945 903 1024 964 θεοῦ
1046 905 1087 990 τῇ
1111 902 1223 967 τούτου
1247 905 1391 994 καρδίρῖι

259 999 495 1083 θαλαμεδονται
516 996 655 1087 ἔννοιαι,
686 1005 741 1066 καί
773 1001 908 1086 κηλίδων
930 1002 971 1064 ου’
993 1000 1071 1081 μάλ’
1101 1000 1198 1080 ἀξίων
1221 1013 1288 1081 τοῖς
1308 1005 1364 1087 τῆς

259 1100 423 1185 εδσεβείας
445 1103 582 1188 δόγμασι
602 1103 637 1169 ιδ
661 1102 865 1186 λογιζόμενον
884 1103 1075 1184 ἐμπίπλαται
1091 1104 1147 1186 τῆς
1166 1106 1286 1187 ψυχῆς.
1309 1107 1364 1170 καί

258 1206 342 1271 τοῦτ’
366 1198 405 1270 ἂν
436 1203 484 1291 εἴη
514 1210 570 1270 rori
599 1208 700 1292 μηδὲν
728 1209 790 1271 τών
812 1206 900 1291 coepi
921 1210 1143 1287 πραττομένων
1167 1204 1361 1270 stamineae

257 1306 291 1375 εδ
313 1304 423 1390 αἴτιον,
448 1303 550 1392 ἥκιστ’
572 1309 767 1391 α’νεχομίνου
789 1309 869 1372 θεοῦ
889 1305 933 1390 μὴ
956 1309 1137 1389 θεατριζειν
1158 1304 1217 1389 τήν
1238 1307 1271 1370 ἐν
1294 1315 1361 1382 τοῖς

255 1411 310 1496 τῆς
334 1409 467 1491 καρδίας
487 1411 646 1489 θαλάμοις
676 1412 894 1493 κεκρυμμένην
924 1410 1037 1474 κακίαν
1066 1403 1120 1471 διδ
1150 1409 1211 1472 τών
1242 1407 1410 1488 ε’ξωθινλῡ

256 1509 461 1596 πραγμάτων.
504 1507 572 1592 ἔχει
596 1511 631 1573 δὲ
653 1503 767 1584 οὕτως.
1130 1537 1137 1544 ·
1188 1537 1196 1542 ·

187 1613 247 1669 10
347 1609 387 1674 ‘0
410 1615 571 1686 Πισσαῖος
593 1605 798 1689 Νικόλαος,δ
831 1614 892 1676 τών
919 1611 1207 1693 τεσσαρεσκαίδεκα
1229 1616 1361 1678 Revert-

256 1714 327 1776 κεῖν’
339 1713 417 1776 νεών
429 1710 591 1794 ναύαρχος
602 1712 737 1794 ἐκείνων,
762 1709 800 1788 ἃς
822 1717 1111 1778 καταπεπλευκέναι
1125 1717 1258 1794 πέρυσιν
1272 1711 1361 1798 ἔφα.

255 1835 315 1894 μεν
334 1810 414 1879 torol
437 1817 495 1877 τοῦ
517 1815 548 1878 Γ
546 1815 757 1894 αλατωνώμου
788 1817 965 1900 φρουρίου,
995 1812 1106 1898 ἐπειδὴ
1141 1811 1196 1879 καί
1222 1817 1359 1896 βασιλέα
1385 1875 1387 1878 .

255 1915 426 1997 σύμμαχον
462 1912 555 1998 λάβοι
591 1915 645 1980 καί
676 1911 840 2002 ὅμὸφρονα
878 1923 941 1988 τοϊς
974 1919 1154 1990 Βενετικοῖς
1186 1910 1264 1978 κατὰ
1295 1918 1410 1985 tmoli>

254 2018 285 2080 Γ
282 2019 461 2097 εννουιτών,
483 2011 597 2100 ὅρκους
621 2017 792 2102 φρικώδεις
817 2014 894 2092 icoc
913 2017 970 2106 καί
989 2015 1114 2096 λαβών,
1138 2013 1235 2080 ἔπειτ’
1256 2015 1360 2090 αὐτὸς

253 2118 312 2197 μὲν
335 2108 407 2194 ὅλος
430 2121 494 2189 τών
514 2116 694 2185 ἐνεστώτων
717 2121 889 2204 τηνικαῦτα
915 2116 1077 2201 γινόμενος
1097 2114 1197 2200 ἔργων
1217 2113 1271 2181 τὸν
1292 2120 1361 2196 βα-

254 2224 346 2284 σιλέα
370 2220 450 2301 πρὸς
463 2223 523 2302 μὲν
544 2220 601 2304 τὴν
623 2219 731 2306 μα’χην
753 2218 873 2303 ἐκείνην
888 2210 993 2310 α’ργώς
1016 2219 1212 2298 διακείμενον
1231 2213 1359 2298 intras,

253 2317 333 2402 πρὸς
357 2321 384 2383 δ
407 2323 497 2404 ἕτερα
520 2318 579 2403 τήν
600 2317 829 2405 ὅληνσπουδὴν
852 2316 1098 2405 περισπώμενον,
1117 2316 1155 2382 ιδ
1175 2319 1250 2383 καθ’
1263 2317 1361 2400 ἧμοῖν

255 2420 360 2482 testea
387 2417 508 2504 δηλαδή
541 2419 694 2510 λῃστρικὰ
720 2425 895 2505 συνέδρια,
924 2417 1106 2502 βιαιότερόν
1133 2443 1199 2494 πως
1221 2423 1407 2490 itinero&

138 2503 141 2554 Ϊ
176 2550 198 2564 ·2
253 2518 418 2602 διεγείρων
436 2523 481 2592 εἰς
498 2514 637 2604 τοῦργον.
661 2521 785 2586 πάντων
808 2521 868 2604 γάρ
892 2519 995 2604 ἔλεγεν
1016 2516 1128 2604 ἥκιστα
1151 2521 1216 2583 δεῖν
1240 2541 1361 2600 καρτε-

254 2623 321 2703 ρεῖν
343 2619 504 2699 ἐνταυθοῑ,
523 2623 586 2686 τών
608 2625 785 2703 πολεμικῶν
808 2624 864 2687 calx
887 2625 1086 2705 α’νεχομίνων
1108 2614 1188 2698 ὅλως
1202 2619 1359 2706 αραγμώ-

250 2943 294 3000 hir
312 2958 477 3014 cognoscor,
501 2946 544 3010 si,
569 2944 751 3015 compluribus
781 2945 924 3000 brevitatis
950 2959 1031 3001 causa
1048 2942 1253 3014 praetermissis,
1273 2943 1356 3020 etiam

251 3016 343 3070 baram
361 3032 450 3070 rerum
468 3016 612 3070 nonnullas
633 3021 756 3085 quasdam
775 3017 979 3085 deimperatore
995 3015 1266 3070 commemorabimus.
1285 3031 1355 3082 per.

250 3089 349 3156 spiciot
367 3089 437 3140 enim
453 3088 610 3154 prudentior
627 3090 742 3156 quisque
767 3104 801 3139 ex
819 3090 937 3142 externis
963 3089 1118 3158 quibusdam
1137 3088 1232 3156 signis,
1252 3089 1297 3156 qni
1315 3089 1356 3138 sit

250 3159 331 3212 animi
349 3159 428 3210 istius
446 3159 561 3222 habitus,
581 3174 658 3225 quam
675 3158 786 3211 fallaces
800 3159 831 3212 de
849 3161 899 3212 deo
918 3162 1060 3228 opiniones
1079 3161 1106 3212 in
1125 3167 1236 3228 pectore
1255 3157 1355 3210 occul.

185 3225 195 3252 ¹
248 3237 321 3285 tatae
339 3229 401 3292 sint,
421 3230 526 3296 quantis
545 3229 666 3284 sordibus
687 3231 819 3299 dogmatis
829 3247 910 3284 verae
929 3232 1070 3301 religionis
1089 3231 1158 3284 haud
1178 3245 1243 3284 sane
1262 3230 1353 3298 dignis

247 3315 323 3351 εοεαε
348 3299 457 3366 oppleta
486 3299 528 3351 sit.
574 3301 625 3352 hoc
652 3303 729 3354 etiam
755 3304 781 3353 in
806 3319 887 3356 causa
913 3312 966 3368 est,
995 3320 1040 3356 cur
1063 3302 1131 3355 nihil
1156 3316 1261 3364 eorum,
1282 3316 1353 3368 quae

248 3371 369 3436 suscipit,
397 3385 527 3437 prospere
547 3373 572 3426 ei
591 3375 730 3438 succedat3
751 3376 815 3426 deus
835 3375 905 3430 enim
923 3390 938 3426 a
957 3391 987 3426 εο
1011 3375 1153 3440 impetrare
1173 3388 1230 3426 non
1245 3379 1352 3439 potest,

246 3443 313 3510 quin
332 3441 526 3508 improbitatem
555 3445 687 3498 inanimi
712 3445 823 3498 latebris
849 3447 980 3498 occultam
1010 3448 1088 3496 etiam
1118 3444 1197 3498 rebus
1232 3444 1352 3496 externis

249 3511 388 3580 propalam
419 3521 445 3564 et
464 3514 492 3564 in
511 3524 632 3582 promptu
651 3525 740 3584 ponat.
778 3533 822 3572 res
841 3533 907 3570 vero
927 3519 963 3569 ita
982 3516 1069 3578 babet.

346 3610 474 3664 llicolaus
493 3611 620 3676 Pisanus,
642 3614 802 3680 praefectur
818 3615 925 3666 narium
950 3615 1160 3682 quattuordecim
1178 3610 1350 3677 variatarum,
1463 3651 1468 3665 ι

248 3697 313 3754 qaas
333 3697 402 3734 anno
428 3684 569 3749 superiore
593 3686 621 3736 io
649 3685 789 3737 castellum
814 3686 924 3739 Galatae
946 3687 1091 3753 navigasse
1119 3685 1247 3748 tironus,
1269 3700 1350 3751 quum

247 3749 410 3825 imperatore
437 3769 545 3822 quoque
563 3756 637 3812 socio
660 3767 751 3810 contra
772 3759 927 3810 Genuenses
946 3757 1099 3824 adsumpto,
1126 3755 1251 3811 horribili
1272 3757 1350 3806 iure.

251 3826 362 3879 iurando
381 3825 441 3902 δμιο
462 3833 542 3893 atque
561 3835 682 3894 accepto,
702 3837 773 3881 totus
793 3837 864 3880 esset
889 3825 1015 3880 iniebat
1035 3828 1191 3882 instantibus
1212 3826 1350 3895 gerendis,

247 3897 434 3964 imperatorem
459 3906 546 3948 autem
576 3900 608 3950 ad
629 3909 762 3952 certamen
784 3915 910 3967 segnem,
934 3901 968 3950 ad
994 3899 1059 3951 alias
1086 3915 1145 3963 res,
1173 3899 1297 3953 nimirum
1316 3899 1351 3949 ad

248 3968 364 4021 concilia
382 3967 430 4019 illa
449 3968 598 4021 latrociniis
624 3971 721 4024 similia
751 3973 778 4023 in
798 3987 847 4022 nos
866 3971 1017 4035 conflanda,
1044 3972 1113 4023 omni
1134 3970 1222 4024 studio
1241 3971 1350 4023 ¹traciam.-

245 4038 352 4090 bentem
371 4039 494 4104 videret,
514 4041 699 4093 vehementius
722 4059 780 4095 eum
804 4044 836 4094 ad
859 4059 915 4094 rem
933 4052 1042 4095 strenue
1061 4042 1189 4110 agendam
1207 4041 1348 4092 excitavit.
1368 4057 1373 4069 ·

246 4109 313 4162 (lixit
331 4111 419 4174 enim,
444 4111 513 4163 nihil
541 4114 628 4165 minos
653 4127 720 4180 opus
747 4129 807 4166 esse
834 4130 911 4184 quam
930 4113 1121 4176 annotatione,
1141 4111 1221 4167 rebus
1239 4110 1350 4166 bellicis

235 4182 342 4256 *ntique
364 4196 399 4233 ne
419 4183 447 4234 in
464 4182 548 4236 breve
565 4185 671 4252 quidem
692 4185 848 4245 dilationem
877 4186 1085 4253 recipientibus,
1114 4184 1269 4239 seostmin
1288 4181 1350 4240 ala.

247 4253 374 4308 critatem
401 4255 536 4308 ellioacem
566 4256 784 4324 ollltpitantibus.
828 4257 869 4311 bis
894 4266 948 4310 tom
970 4264 997 4309 et
1014 4265 1056 4309 ter
1084 4263 1111 4311 et
1128 4257 1234 4324 crepitu
1256 4255 1350 4312 moen
