2992 4918
268 345 497 425 nrsronrln
522 346 782 417 aminnias
801 344 894 418 axv.
918 334 985 419 tt,
1008 337 1075 419 13.
1179 346 1226 419 as

123 513 208 590 τείας
230 513 289 580 καί
309 517 419 590 πόλεις
443 519 497 580 καί
514 503 663 599 η’πείρους
686 516 709 554 “
727 513 781 577 καί
801 511 916 596 νῆσους
932 511 987 577 καί
1007 514 1073 599 ι’δίρ
1097 512 1150 576 καί
1172 514 1260 596 δη-ῐ.
1274 526 1359 583 103τ.

125 617 234 702 μοσίρι,
259 616 518 699 ιῖνατρεπόμενον
540 617 568 678 δ’
589 607 632 678 αδ
664 614 782 692 ὄξτίαις
805 618 1036 698 συνανατρέπει
1058 609 1172 700 ῥοπαῖς
1192 613 1231 679 τό

126 741 160 780 τε
181 715 273 781 κοινοὶ
297 720 353 781 καί
375 719 450 781 καθ’
472 719 588 781 ἕκαστα
608 720 671 780 τοῖν
692 714 889 801 πραγμάτων
907 708 966 780 dou
989 713 1100 780 πόλεσί
1122 741 1156 780 τε
1179 713 1234 780 καί

127 819 303 893 πολιτείαις
319 814 551 898 ἐγκαλινδεῖται
564 817 846 903 παρανομούμενα,
861 819 995 906 μηδαμῆ
1010 825 1076 893 τοῖς
1089 819 1233 902 παρανό-

102 938 119 990 5
126 941 199 999 μοις
217 927 363 983 συνεῖναι
386 917 484 1003 φύσιν
500 920 640 1002 ἐχούσης
653 922 708 1003 τῆς
729 912 861 1000 ἑδραίας
878 919 1031 1002 διαμονῆς
1045 924 1101 985 καί
1120 928 1235 1005 κρηπί-

127 1021 193 1103 δος,
210 1019 280 1083 αλλ’
296 1016 330 1082 ἒν
343 1020 385 1082 ου’
394 1022 506 1105 μακρῷ
519 1023 564 1108 τῷ
577 1017 684 1110 χρόνιρ
699 1019 799 1109 ῥᾷστα
810 1013 1023 1104 σαλευομένης
1033 1019 1088 1084 καί
1102 1023 1234 1085 διαλυο-

125 1125 223 1203 μένης
237 1113 363 1205 ἅπόσης
375 1122 523 1202 προνοιάς
536 1123 732 1206 συνδετικῆς,
745 1113 850 1204 οόσπερ
867 1118 1019 1202 ἁρμονίας
1032 1121 1234 1208 ῥηγνυμένων

126 1223 190 1285 τῶν
209 1222 350 1303 χορδῶν.
376 1223 432 1304 τῆς
451 1219 511 1304 γὰρ
535 1221 675 1286 καθόλου
696 1223 855 1295 πολιτείας
871 1217 1089 1306 ὑγιαινούσης,
1112 1218 1232 1306 οἷνόγκη

127 1317 233 1406 δῆντου
257 1321 315 1384 καί
334 1321 373 1386 τό
396 1325 478 1405 μέρη
509 1325 613 1397 καλῶς
643 1321 851 1386 ἀπαλλάττειν
878 1319 1164 1402 συνεξομοιούμενα
1188 1323 1234 1410 τῷ

85 1433 118 1487 10
127 1417 212 1511 όλρι,
243 1421 392 1507 καθάπερ
416 1415 472 1486 odo
494 1425 675 1488 τοδναντίον
694 1421 847 1508 νοσούσης
877 1424 932 1489 καί
954 1425 1034 1488 αότό
1059 1431 1232 1504 συννοσεῖν,

128 1521 172 1599 ὥς
195 1527 242 1601 εἰς
265 1522 447 1608 υἷρχίτυπον
467 1525 524 1610 τῆν
544 1529 680 1609 μίμησιν
702 1523 906 1611 ἀναφέροντα
929 1529 984 1590 καί
1003 1525 1154 1610 μόρτυρα
1176 1528 1233 1605 βε·
1298 1531 1299 1534 ’

128 1626 275 1710 βαιοντῆν
294 1627 354 1708 ,τῆς
375 1629 487 1701 κακίας
509 1631 760 1710 προενηνεγμένα
790 1623 846 1710 τῆν
869 1624 1032 1710 πολιτικῆν
1055 1624 1158 1711 όρχῆν
1180 1629 1235 1691 καί

131 1727 339 1792 κατάστασιν.
364 1730 485 1803 δίκαιος
505 1729 613 1792 τοίνυν
636 1727 653 1790 δ
676 1731 785 1812 κύριος
808 1721 868 1809 σόν,
893 1733 947 1794 καί
968 1725 1172 1804 δικαιοσύνας
1193 1728 1301 1805 οδςιι

131 1827 166 1894 τό
194 1828 280 1902 εἰκός
303 1824 455 1911 όγαπιόν,
482 1826 566 1911 duros*
592 1832 714 1910 μᾶλλον
743 1829 820 1915 ἔθνη
850 1826 937 1914 όῖμῆ
959 1827 1055 1912 νόμον
1075 1832 1134 1909 μὲν
1157 1828 1234 1913 ἔχει,

88 1943 123 1996 15
134 1929 234 2017 φύσει
250 1933 286 1994 δὲ
307 1931 347 1993 τὰ
368 1933 423 1994 τοῦ
446 1932 545 2012 νόμον
564 1939 652 1996 ποιεί
669 1931 750 1996 κατὰ
767 1933 822 1996 τόν
840 1937 929 1996 θεῖον
947 1931 1128 2012 α’πόστολον,
1150 1941 1243 2014 μισεῖ

135 2033 171 2096 δὲ
186 2034 220 2098 οἳ
235 2035 293 2114 ζῆν
306 2036 365 2113 μὲν
388 2025 567 2118 ιῆρηνταίτε
591 2036 644 2097 καί
663 2037 882 2119 ἐπηγγείλαντο
899 2033 976 2099 κατό
992 2033 1064 2108 τούς
1077 2037 1132 2115 τῆς
1147 2033 1240 2097 εὐσε-

135 2138 228 2216 βείας
244 2131 390 2215 δεσμούς
408 2136 463 2197 καί
481 2133 621 2216 νόμους,
638 2132 741 2218 ἔργοις
764 2138 791 2198 δ’
815 2135 922 2226 αὐτοῖς
943 2138 1240 2217 καταψευδομένους

132 2238 201 2300 τῶν
222 2235 419 2318 ἐπαγγελιῶν
444 2240 500 2299 καί
521 2238 766 2318 α’ποσειυμόνους
783 2235 886 2302 πιόντα
908 2225 1107 2319 δικαιοσύνης
1123 2230 1240 2297 κανόνα

137 2335 192 2400 καί
214 2333 373 2420 στάθμην.
407 2334 499 2423 όγόρ
520 2339 721 2422 δικαιοσύνην
739 2343 797 2420 μὲν
814 2335 1241 2432 ἀποστρεφόμενοςόδικίας

94 2439 168 2500 sot’
190 2436 452 2521 α’νθαιροόμενος
473 2437 624 2522 κλήρους,
648 2442 702 2502 καί
723 2437 800 2523 μῆτε
823 2440 898 2517 τούς
922 2440 1029 2514 θείους
1052 2433 1241 2516 αἰδούμενος

76 2600 86 2608 .
138 2533 280 2620 νόμους,
310 2543 514 2625 περιφρονῶν
545 2541 573 2602 δ’
603 2539 802 2623 α’νδροόπινον
838 2537 965 2605 ἅπασαν
997 2537 1116 2623 τύχην,
1149 2526 1241 2613 οὗτος

140 2637 288 2726 οἷφιόρισε
308 2642 369 2722 μὲν
390 2633 470 2708 {adv
492 2665 526 2726 γε
549 2635 631 2706 εἶναι
653 2645 733 2706 θεοῦ
759 2645 815 2707 τοῦ
836 2646 891 2728 τῆς
913 2642 1001 2726 δίκης
1023 2637 1150 2725 ἔχοντος
1169 2633 1243 2712 τούς

143 2937 186 2975 res
204 2922 348 2975 universas
371 2929 398 2972 et
417 2921 537 2990 singulas
562 2922 678 2986 evertit,
704 2936 782 2989 qnae,
796 2919 955 2989 illegitimae
978 2920 1007 2972 in
1035 2919 1188 2973 civitatibus
1216 2928 1243 2973 et

144 2993 254 3046 urbibus
273 3000 425 3058 versantur,
445 3010 524 3063 quum
542 2993 618 3046 nullo
640 3001 718 3062 pacto
737 2991 827 3057 rebus,
847 3009 915 3060 quae
937 2991 994 3060 legi
1014 3000 1173 3058 repugnant,
1193 2992 1242 3044 fir.

144 3081 211 3117 muru
232 3074 313 3134 atque
331 3063 429 3117 stabile
448 3065 763 3120 fundamentumsubesse
782 3066 877 3132 possit,
896 3067 943 3118 sed
960 3063 1037 3116 brevi
1055 3071 1242 3131 temporeom.

144 3139 184 3190 nis
204 3138 391 3205 providentia,
413 3153 481 3204 quae
498 3137 690 3206 rempublicam
709 3139 853 3200 contineat,
873 3137 906 3190 iis
928 3137 1078 3205 exagitetur
1097 3144 1124 3187 ai
1141 3135 1242 3188 dissol.

146 3217 221 3261 vatur
241 3209 396 3262 barmoniae
415 3206 513 3276 instar}
526 3227 605 3280 quum
625 3209 741 3262 chordae
762 3211 953 3276 dirumpuntur.
991 3216 1020 3260 ut
1039 3209 1242 3272 enim,sitotum

148 3281 264 3333 civitatis
285 3297 382 3348 corpus
402 3289 492 3334 sanum
513 3289 562 3345 est,
583 3283 662 3332 etiam
682 3281 798 3333 membra
817 3297 876 3332 cum
896 3296 928 3331 eo
958 3281 1146 3332 concordantia
1171 3280 1242 3332 beno

147 3369 205 3406 sese
224 3352 326 3406 habere
344 3369 458 3405 necesse
478 3363 535 3419 cst,
561 3354 600 3405 sic
620 3361 730 3418 contra,
750 3353 796 3404 ubi
815 3351 883 3404 illud
901 3359 1041 3420 aegrotat,
1069 3353 1147 3403 etiam
1175 3352 1243 3404 baec

146 3440 198 3476 non
217 3433 330 3492 possunt
347 3439 402 3476 nou
419 3441 501 3494 aegre
520 3425 615 3476 affecta
635 3441 712 3490 esse,
738 3426 836 3493 quippe
855 3439 922 3490 quae
942 3424 970 3474 id
988 3432 1111 3492 tanquam
1131 3425 1243 3490 primum

149 3497 277 3566 quoddam
299 3495 434 3564 exemplar
452 3497 589 3548 imitentur
608 3506 688 3566 atque
707 3497 824 3548 civitatis
844 3495 1064 3563 gubernationem
1090 3511 1121 3546 ac
1147 3503 1244 3547 statum

149 3577 175 3620 ut
193 3569 350 3620 vitiositatis
369 3577 464 3620 testem
482 3568 721 3635 locupletissimum
744 3568 889 3634 proferant.
927 3566 1047 3618 dominus
1067 3575 1170 3630 autem,
1199 3565 1244 3633 qui

143 3640 231 3700 iustus
252 3647 293 3692 est
312 3647 348 3704 et,
368 3631 397 3692 ut
415 3649 631 3704 consentaneum,
651 3641 779 3692 iustitiam
797 3646 875 3703 amat,
895 3639 928 3689 ad
946 3639 1072 3689 maiorem
1090 3638 1246 3690 felicitatem

151 3711 241 3764 evehit
259 3710 387 3780 gentiles,
408 3714 463 3780 qui,
484 3720 513 3763 ut
532 3713 693 3764 aitsanctus
713 3710 860 3778 apostolus,
869 3725 1025 3777 quamquam
1034 3709 1134 3762 nullam
1148 3709 1246 3760 habent

150 3782 245 3850 legem,
266 3791 356 3835 tamen
376 3792 470 3836 natura
489 3785 556 3835 duce
577 3785 635 3836 eius
654 3784 805 3850 praeceptis
827 3781 1019 3848 obsequuntur,
1039 3782 1095 3833 odit
1114 3796 1180 3833 vero
1199 3795 1246 3832 eos

151 3856 191 3924 qui
212 3855 320 3922 quidem
339 3855 366 3905 in
386 3871 416 3907 se
447 3862 623 3922 susceperunt
641 3863 721 3922 atquc
740 3854 854 3922 professi
874 3860 935 3904 sunt
954 3868 983 3904 se
1008 3854 1150 3906 secundum
1178 3851 1247 3903 reli.

151 3927 235 3994 gionis
255 3927 381 3978 instituta
403 3925 534 3994 legesque
554 3943 613 3978 esso
632 3928 763 3989 victuros,
783 3924 1028 3978 actionibustamen
1038 3926 1168 3991 promissa
1185 3923 1247 3975 clu..

151 3997 210 4050 dunt
230 4007 257 4050 ct
277 4012 372 4049 omnes
392 3999 509 4050 iustitiae
527 4013 633 4051 normas
653 4014 683 4048 ac
702 3995 811 4064 regulas
831 3996 969 4048 abiiciunt.
1007 3997 1052 4062 qui
1080 3995 1248 4048 enimiusti..

151 4070 207 4121 tiam
228 4077 375 4123 aversatus
394 4070 541 4121 iniustitiae
561 4069 730 4137 amplectitur
747 4075 833 4120 sortes
855 4075 882 4118 et
901 4066 1006 4134 legibus
1026 4069 1125 4120 divinis
1150 4067 1248 4133 spretis

151 4141 289 4196 humanam
310 4139 459 4210 quamlibet
480 4142 612 4193 fortunam
632 4141 828 4205 circumspicit,
855 4141 878 4191 is
903 4140 1044 4191 manifesto
1069 4155 1099 4192 se
1122 4137 1251 4192 disiunxit

150 4229 190 4266 sua
213 4223 315 4284 sponte
336 4228 352 4262 a
371 4212 421 4262 deo
441 4213 559 4266 iustitiae
578 4212 812 4274 solidationem,
831 4220 910 4278 atque
931 4227 989 4262 cum
1013 4211 1119 4264 diabolo
1140 4217 1249 4276 contra.-

149 4287 182 4338 xit
198 4285 426 4340 'familiaritatem
465 4300 517 4352 qua
536 4285 570 4336 de
589 4299 669 4337 causa
687 4285 714 4337 in
733 4283 785 4335 illa
803 4290 884 4345 terra,
903 4282 950 4333 ubi
968 4276 1249 4341 taliaseruntormalm
