2992 4918
285 344 338 418 36
594 351 817 420 NIOEPHORI
849 353 1080 422 GREGORAE

285 508 421 596 θρόνους
444 514 557 597 σαφοῦς
578 508 704 595 ἑαυτόν,
726 519 924 603 συνῳκείωσε
946 519 973 580 δ’
1002 509 1068 598 ἅμα
1093 519 1136 602 τῷ
1157 513 1306 606 διαβόλῳ.
1317 516 1389 590 ,διδ

285 615 340 675 καί
360 619 542 676 πλεονεκτεῖ
556 617 616 693 μὲν
636 614 726 696 νκατά
750 616 804 698 τῆς
823 613 932 698 χώρας
955 614 1073 701 ἐκείνης
1105 614 1142 680 τοὶ
1165 615 1278 700 χείρω,
1301 608 1325 704 ᾗ
1348 615 1390 680 τό

285 708 395 776 τοιάδε
416 723 597 797 γεωργεῖται
618 717 723 794 κακά,
747 724 923 796 μειονεκτεῖ
940 720 969 780 δ’
992 713 1151 797 ἑπομένως
1174 717 1210 782 τά
1236 717 1388 802 κρείττω·

284 819 340 877 κατ’
359 818 476 896 γίνεται
497 812 650 897 παντελης
672 819 741 879 ε’κεῖ
759 817 862 880 καλοῦν
886 816 1012 902 ἐρημία,
1028 815 1084 880 καί
1097 825 1301 900 κατορχεῖται
1316 824 1390 881 λοι-

283 911 344 978 πόν
360 915 445 978 καίδ
469 919 615 998 διάβολος
637 910 739 1000 άρδην
754 917 852 1000 αῦτῆς
872 911 1045 1000 εὐσεβείας,
1065 919 1143 1002 πρὸς
1165 909 1297 1004 άρνησιν
1315 918 1414 994 τοῦς5

284 1009 373 1104 αῦτῷ
396 1021 603 1098 πειθομένους
637 1018 737 1099 συχνά
771 1020 933 1099 ἐρεθιζων.
985 1011 1038 1084 οἷα
1070 1019 1109 1104 δη
1132 1019 1210 1084 κάπί
1236 1018 1292 1102 την
1315 1025 1390 1113 Βυ-

285 1118 417 1195 ζαντίων
437 1121 584 1200 γενέσθαι
606 1123 810 1198 ξυμπίπτωκε
831 1126 1011 1186 πολιτείαν·
1033 1119 1200 1204 μισήσασα
1221 1119 1282 1204 γάρ
1305 1121 1390 1204 άλη-

284 1222 379 1282 θειαν
401 1216 503 1303 ἐκείνη
524 1222 577 1284 καί
592 1225 749 1304 πολιτικῆς
762 1221 865 1306 ἀρχῆς
879 1221 1092 1307 δικαιοσύνην,
1115 1224 1345 1306 οίκειωσαμένη
1362 1225 1391 1286 δ’

284 1319 410 1384 ῦδικίαν
427 1326 481 1383 καί
495 1323 624 1402 ψεῦδος,
644 1318 734 1397 όλαις
750 1321 914 1403 παλάμαις
926 1320 983 1397 τοὶς
1003 1317 1119 1408 ἑαυτῆς
1134 1324 1214 1405 πρὸς
1236 1323 1403 1404 άσέβειαν.

284 1421 454 1485 α’νειιέτασε
479 1419 591 1496 πῦλας.
628 1421 761 1506 κάπειδὴ
784 1424 828 1508 τῷ
850 1418 989 1510 διαβόλῳ
1018 1421 1165 1505 σώματος
1187 1420 1242 1488 ἐπί
1261 1422 1385 1499 τούτοις
1399 1429 1428 1482 1⁰

285 1519 351 1586 έδει
372 1525 426 1586 καί
447 1517 582 1602 όργόνου
605 1522 692 1604 μάλα
720 1525 810 1610 anaqi
828 1525 1038 1609 προσήκοντος
1059 1526 1127 1606 νῦν,
1150 1524 1291 1612 εὑρίσκει
1308 1530 1388 1590 Πα-

284 1626 411 1704 λαμάυ,
441 1621 629 1706 α’νδρόριον,
661 1622 704 1698 οῦς
726 1623 845 1708 α’κηκοα
867 1628 946 1711 μέν,
972 1627 1186 1710 έντελέστερσν
1222 1627 1253 1689 δ’
1274 1629 1310 1692 εἰι
1332 1633 1387 1710 τῆς

284 1724 385 1786 ου’τοῦ
402 1722 602 1807 μεμαθηκειν
623 1725 769 1810 γραφῆς,
791 1729 913 1802 εῦτελὲς
937 1729 995 1809 μὲν
1028 1719 1129 1802 άλλως
1149 1731 1205 1792 καί
1225 1728 1308 1811 σλὴν
1331 1731 1389 1792 τοῦ

284 1827 456 1901 κενοδοξεῖν
488 1828 543 1888 καί
570 1828 611 1889 δι’
637 1825 714 1891 atro
735 1830 771 1918 γε’
792 1851 841 1891 τοι
861 1831 953 1894 τοῦτο
983 1831 1164 1907 κακοδοξεῖν
1186 1832 1279 1893 πλέον
1301 1824 1388 1903 εἶδός

285 1926 377 1990 ου’δὲν
400 1925 497 2007 ῦγιές·
518 1928 573 1989 καί
594 1925 694 2016 τοῦτιρ
715 1937 898 2011 συμμαχεῖν
920 1929 1075 2006 σεπεικῦς
1096 1927 1169 2004 τοῦς
1190 1931 1224 1993 ἒν
1246 1932 1425 2017 dicuntia&

286 2019 388 2092 πάντα
417 2026 598 2110 συλλήβδην
626 2030 742 2108 εἰπεῖν,
779 2023 881 2093 ότιόσα
902 2033 967 2094 κατ’
1001 2025 1115 2104 άλλους
1137 2023 1219 2094 ἄλλα
1253 2028 1387 2113 καιροῦς

285 2136 354 2202 τοῖς
374 2131 429 2192 τοῦ
451 2129 531 2191 θεοῦ
559 2125 737 2211 ἐκκλησίαις
757 2128 877 2216 βέβηλά
899 2156 932 2196 τε
960 2117 1015 2196 καί
1037 2130 1117 2196 νόθα
1138 2127 1387 2215 σσρεισεφθάρη

286 2225 447 2311 δόγματα,
481 2226 561 2313 πρός
583 2230 638 2294 ἕνα
661 2230 786 2294 τουτονί
817 2228 976 2315 συνηλασε
994 2229 1128 2318 χρόνον,
1151 2234 1206 2296 καί
1224 2231 1387 2313 πολύχουν

286 2332 405 2418 κομιδῇ
422 2327 457 2395 τό
484 2329 622 2414 πονηρόν
643 2334 794 2396 ἐσκέδασε
813 2330 895 2396 κατά
920 2335 976 2416 τῆς
998 2335 1164 2417 ἐκκλησίας
1184 2333 1335 2415 Χριστοῦ
1354 2327 1386 2392 τό

285 2430 445 2516 γεώργιον.
491 2433 530 2495 ον’
559 2430 620 2516 γάρ
656 2435 828 2498 πολυθείαν
853 2433 949 2516 μόνον
973 2436 1115 2511 ε’διδαξεν
1137 2432 1153 2500 ό
1176 2435 1386 2516 ταλαίπωρος,
1395 2432 1426 2490 λθ

287 2532 368 2598 α’λλῦ
391 2531 446 2596 καί
470 2532 584 2596 οἷθείαν
604 2537 837 2614 προστέθεικεν,
860 2532 1067 2617 α’ρειανισμόυ
1088 2539 1122 2597 θ’
1139 2530 1208 2617 ἅμα
1228 2531 1283 2597 καί
1303 2535 1386 2597 εἰκο-
1481 2529 1482 2558 ³

286 2637 443 2716 νομαχίαν
465 2636 521 2697 καί
538 2633 688 2710 καθάπαξ
708 2625 839 2719 άρνησιυ
860 2638 1037 2718 οἰκονομίας
1059 2632 1215 2719 ένοάριιου
1238 2638 1295 2700 τοῦ
1316 2630 1387 2698 υἱοῦ

285 2733 455 2818 καίλόγου
473 2737 532 2800 τοῦ
550 2738 637 2801 θεοῦ,
683 2739 738 2801 καί
758 2740 788 2802 τί
809 2738 863 2801 δεῖ
878 2739 953 2803 καθ’
982 2739 1101 2804 ἕκαστα
1125 2738 1237 2821 λέγειν,
1258 2733 1331 2815 ἐξόν
1352 2735 1385 2798 έκ

286 3043 418 3110 pessimae
437 3050 508 3096 artas
528 3043 698 3109 praevalent,
719 3043 831 3094 virtutes
851 3055 917 3093 vcro
943 3041 1098 3094 necessario
1119 3040 1274 3094 inferiorem
1292 3043 1385 3094 tenent

288 3113 394 3177 locum;
415 3113 453 3164 ibi
474 3114 564 3166 existit
583 3113 697 3164 omnium
715 3112 846 3163 bonorum
866 3113 991 3176 vastitas3
1012 3111 1049 3164 ibi
1074 3113 1189 3181 denique
1208 3111 1332 3165 diabolus
1358 3112 1383 3161 in

287 3185 371 3251 ipsam
390 3183 552 3252 religionem
571 3184 800 3250 impudentissime
819 3182 938 3248 insultat,
958 3192 1072 3252 quamut
1090 3185 1224 3253 denegent
1244 3192 1270 3236 et
1288 3183 1384 3236 tollant

287 3268 351 3307 suos
370 3253 488 3308 asseclas
510 3255 608 3306 acriter
632 3256 750 3323 instigat.
788 3253 843 3306 tale
862 3255 925 3323 quid
943 3255 1022 3306 etiam
1040 3255 1230 3322 Byzantiorum
1249 3257 1289 3306 rei
1316 3253 1382 3323 pub-

286 3325 358 3377 licae
377 3325 483 3377 accidit.
522 3325 583 3377 odio
603 3326 672 3377 enim
691 3327 719 3377 in
738 3327 878 3378 veritatem
899 3334 926 3378 et
949 3327 1054 3394 imperii
1078 3327 1204 3378 iustitiam
1232 3333 1381 3394 concepto,

287 3397 419 3449 iniustitia
437 3412 504 3449 vero
523 3405 550 3448 et
568 3397 711 3450 mendaciis
732 3397 840 3449 adscitis
858 3398 928 3448 omni
948 3397 1045 3449 virium
1065 3399 1237 3451 contentione
1255 3394 1383 3466 impietati

287 3468 360 3520 fores
379 3466 500 3520 reclusit.
538 3483 591 3536 qua
609 3469 636 3520 in
654 3477 774 3537 requam
793 3466 899 3520 diabolo
920 3483 1033 3534 corpore
1044 3468 1156 3537 quodam
1176 3470 1382 3521 etinstrumento

287 3538 338 3593 sibi
355 3538 436 3605 plane
455 3541 635 3592 conveniente
655 3555 721 3606 opus
742 3548 834 3604 esset,
854 3541 956 3607 reperit
975 3555 1046 3591 nunc
1064 3539 1215 3605 Paiamam,
1235 3540 1382 3592 homuncu-

287 3609 363 3675 lum,
382 3618 412 3661 ut
429 3611 519 3663 audivi
539 3612 644 3680 quidem
666 3612 830 3681 (accuratius
850 3619 937 3662 autem
955 3627 988 3662 ex
1006 3612 1106 3677 scripto
1126 3613 1210 3678 ipsius
1231 3628 1290 3663 eum
1316 3623 1381 3676 cog-

272 3682 379 3752 novi),
397 3681 555 3733 vilissimum
573 3697 662 3751 neque
680 3683 822 3751 quidquam
840 3681 953 3749 amplius
963 3683 1091 3734 scientem
1111 3684 1162 3734 nisi
1183 3684 1315 3752 quomodo
1334 3671 1388 3732 va!

286 3767 347 3805 nam
368 3751 482 3821 gloriam
501 3761 620 3820 captaret
640 3761 667 3804 ct
686 3753 719 3804 ob
737 3755 763 3805 id
781 3755 866 3821 ipsum
886 3769 982 3821 pravas
1005 3754 1146 3820 opiniones
1172 3753 1295 3823 fingeret.
1342 3747 1382 3802 cui

288 3838 369 3891 quum
387 3825 476 3876 socios
493 3825 658 3876 adiunxisset
675 3825 820 3892 principes,
842 3825 972 3893 dogmata,
993 3832 1022 3876 ut
1041 3826 1133 3890 paucis
1155 3824 1381 3893 comprehendam,

289 3893 402 3962 proiana
420 3904 500 3964 atque
519 3895 677 3961 adulterata,
697 3911 872 3963 quaecunque
891 3896 952 3948 aliis
971 3895 1024 3947 alia
1043 3896 1207 3963 temporibus
1227 3899 1255 3948 in
1274 3897 1317 3948 dei
1337 3907 1381 3944 ec-

288 3966 386 4018 clesias
407 3969 560 4035 perniciose
580 3967 766 4034 obrepserant,
787 3967 871 4018 hocce
892 3975 1013 4034 tempore
1031 3976 1125 4019 cuncta
1145 3969 1236 4037 coegit
1262 3975 1289 4018 et
1305 3962 1381 4022 chri-

287 4039 321 4090 cti
341 4037 474 4090 ecciesiae
493 4039 650 4090 uberrimam
673 4046 699 4089 et
717 4039 815 4105 oppido
833 4041 933 4091 variam
954 4039 1131 4104 improbitatis
1151 4041 1256 4108 frugem
1275 4040 1382 4104 adsper-

288 4109 332 4162 sit.
353 4123 413 4161 nam
431 4111 511 4162 miser
526 4111 577 4162 iste
597 4125 652 4161 non
671 4110 756 4161 solum
774 4109 980 4177 polytbeismum
1000 4110 1101 4174 docuit,
1120 4111 1168 4162 sed
1186 4113 1265 4162 etiarn
1282 4106 1381 4160 atheis-

287 4195 358 4231 mum
376 4181 475 4233 addidit
494 4181 627 4250 simulque
644 4181 822 4234 Arianismum
842 4190 869 4233 et
889 4180 1108 4246 iconomachiam,
1130 4181 1316 4235 infitiationem
1334 4177 1380 4228 de-

287 4251 371 4328 niqne
390 4253 581 4310 incarnationis
600 4252 649 4306 iiiii
669 4253 802 4324 verbique
822 4253 875 4305 dai.
913 4253 960 4305 sed
978 4253 1042 4322 quid
1059 4254 1155 4305 attinet
1173 4251 1280 4328 singula
1289 4261 1380 4324 perte-
