2910 4896
274 323 348 400 σου
452 306 478 320 ’“
560 303 799 402 'nrcmuoar
831 291 1084 403 eneconis

274 498 327 583 spi,
347 491 527 580 πεφυκυίας
554 497 614 575 μὲν
646 490 688 568 ὦς
710 495 758 577 τό,
781 493 879 560 πολλὰ
909 505 975 572 τοϊς
1006 494 1127 579 μεταξό
1147 500 1208 565 τιόν
1228 496 1360 581 όρσόντων

273 597 328 660 καί
361 594 529 676 ἐρωμένων
561 605 700 671 τοπικοῖς
730 601 942 681 διαστήμασιν
971 599 1175 683 ἀπατᾶσθαι,
1207 602 1361 685 ἐφιεμένης

274 699 304 760 δ’
327 687 430 770 ἄλλως
453 694 644 779 όθενόήποτε
667 701 723 762 καί
743 696 946 781 ὁπωσδήποτε
972 701 1134 781 συλλέγειν
1156 723 1189 764 τε
1219 702 1273 782 τής
1291 701 1360 783 α’λη-

246 783 248 790 ’
274 801 369 872 θείας·
387 794 459 881 ἴχνη
490 798 545 860 καί
571 795 693 872 εἰκόνας
726 797 898 863 ὁποιασοῦν
926 804 981 864 καί
1002 798 1040 864 τό
1067 803 1122 884 τής
1148 797 1293 883 τοιαότης
1315 803 1361 863 ιά-

274 895 397 982 τρεόειν
424 894 547 983 α’πότης
583 899 756 983 νοσήματα.
812 897 879 964 ἐστι
906 898 965 986 γόρ
1001 900 1035 966 τό
1067 903 1101 965 ἐκ
1128 904 1273 985 κσρσφής
1293 895 1380 982 όχριο

197 991 203 1002 ’
275 1001 423 1080 πώγωνος
445 990 544 1081 όκρου
567 999 652 1082 φημί
674 1001 728 1082 τῆς
750 995 1058 1083 ὑπήνηςτσπιόαμαί
1082 1003 1182 1083 μῆκος
1210 1003 1269 1081 μέν
1289 999 1359 1064 όκτό

275 1098 330 1163 καί
350 1095 470 1176 εἴκοσι,
503 1096 620 1174 πλότος
641 1101 676 1162 δὲ
697 1103 1002 1184 τεσσαρεσκαίδεκα,
1034 1099 1200 1165 δακτύλων
1233 1103 1259 1164 δ’
1278 1098 1293 1164 ό
1312 1104 1361 1180 μὲν

276 1203 398 1283 πρῶτος
428 1196 510 1263 όκτοό
544 1203 599 1263 καί
624 1195 770 1283 ήμισείας
798 1197 833 1264 τό
854 1204 981 1284 μήκος,
1013 1202 1043 1266 οἱ
1073 1205 1101 1264 d’
1125 1194 1216 1266 όλλοι
1236 1201 1311 1265 aurci
1333 1197 1361 1263 τό
1434 1257 1435 1264 ,

276 1294 448 1381 ἀνάλογον·
492 1299 556 1364 ’τῶν
586 1301 615 1362 δ’
641 1295 821 1385 ὀφθαλμῶν
839 1299 898 1364 α’νό
930 1305 1025 1383 τριοέν
1046 1296 1202 1385 ἑκάτερος,
1228 1299 1301 1387 ήέἐ
1320 1300 1362 1384 ῥίς
1434 1305 1435 1330 ³

211 1417 265 1472 ,η
277 1398 405 1483 ἔγγιστα
429 1398 521 1466 daed.
573 1404 693 1465 τούτων
723 1403 752 1464 δ’
776 1394 877 1475 οότως
899 1401 1045 1484 καθάπερ
1076 1405 1244 1484 στοιχείων
1264 1406 1394 1466 touton

275 1527 336 1566 των
366 1497 485 1579 ἔξεστιν
520 1499 685 1583 ἐντεῦθεν,
713 1500 823 1567 ὁπόσοι
858 1505 1058 1585 χαριέστεροι
1092 1507 1153 1568 τῶν
1185 1503 1362 1589 ζωγράφων,
1434 1537 1435 1592 j

273 1605 329 1667 καί
364 1603 419 1686 τήν
450 1605 513 1667 τιόν
544 1593 645 1666 ditae
674 1604 779 1682 μελῶν
812 1605 866 1690 καί
900 1607 1008 1684 μεροόν
1037 1603 1092 1666 καί
1126 1592 1194 1684 ἅμα
1226 1608 1280 1688 τής
1315 1603 1362 1666 τοό

191 1715 195 1724 “
274 1700 390 1776 παντός
410 1703 555 1782 σώματος
589 1699 790 1776 διαπλάσεως
821 1709 875 1788 τής
910 1709 1001 1780 θείας
1032 1707 1148 1789 ἐκείνης
1182 1710 1242 1768 τοῦ
1273 1703 1363 1786 σωτή-

274 1827 328 1886 ρος
349 1803 464 1878 εἰκόνος
486 1803 566 1868 κατὰ
591 1802 626 1866 τό
644 1807 700 1887 τής
733 1807 929 1888 συμμετρίας
957 1803 1111 1887 α’νόλογσν
1139 1803 1200 1890 όση
1218 1811 1266 1880 τίς
1291 1808 1363 1868 ἐστιν

274 1902 376 1980 ειίθός
397 1907 641 1987 συλλογίζεσθαι
663 1906 764 1988 μήκος
786 1911 840 1970 καί
860 1908 988 1982 πλότος.
1043 1905 1098 1970 καί
1119 1911 1222 1971 ταῦτα
1245 1909 1394 1988 dapisoun

274 2008 440 2088 ἐμπειρίας
462 2007 551 2072 ἐνικα
573 2009 636 2071 τοῖν
658 2005 921 2091 ἐντυγχανόντων,
943 2008 1112 2089 κράτιστον
1135 2005 1229 2083 εέότός
1249 2004 1362 2091 ἐφόδιον

273 2105 318 2182 εἴς
342 2130 376 2190 γε
398 2104 462 2191 τήν·
479 2111 542 2172 τῶν
565 2099 663 2172 όντων
685 2108 859 2192 ἐπιστήμην
881 2112 936 2174 καί
954 2106 987 2173 εἴ
998 2132 1080 2183 τινες
1101 2103 1297 2182 εέεναότοῑς
1318 2109 1362 2170 ἐν-

273 2205 492 2291 θεωροόμινοι
515 2203 600 2290 λόγοι
625 2210 722 2293 σοφοί
744 2209 800 2289 τής
822 2200 986 2293 προνοίας,
1009 2208 1093 2274 aaut
1119 2213 1175 2272 καί
1195 2206 1362 2292 Ἀριστοτέ-

273 2312 321 2370 λει
351 2309 445 2373 δοκεῖ.
497 2308 587 2393 φησί-
607 2307 667 2392 γόρ
697 2311 812 2385 ἐκεῖνος
842 2305 993 2393 αἴσθησιν
1021 2314 1080 2393 μέν
1101 2312 1267 2392 ἐμπειρίας
1293 2301 1363 2370 εἶναι

275 2405 451 2492 ποιητικήν,
472 2409 528 2492 τήν
553 2412 581 2473 d’
604 2412 772 2494 ἐμπειρίαν
793 2411 854 2473 ταῖν
876 2413 955 2492 πρός
978 2415 1155 2497 ἐπιστήμην
1174 2412 1286 2495 οἷρχιόν
1305 2417 1393 2474 ποι-20

276 2512 421 2590 ρεκτικήν
457 2514 490 2573 ἐκ
527 2512 681 2593 όιαόοχής
708 2510 764 2574 καί
781 2509 998 2595 συλλήπτριαν
1027 2516 1187 2596 γίνεσθαι.-
1231 2510 1361 2575 ἐντεῦθεν

275 2608 336 2689 γόρ
360 2612 445 2675 αἵτε
467 2611 642 2686 πολυειδεῖς
664 2614 824 2698 ἐρρύησαν
846 2613 901 2694 τής
923 2617 1039 2698 σοφίας
1055 2615 1161 2698 πηγαί,
1182 2615 1239 2677 καί
1259 2609 1287 2675 οἱ
1306 2609 1361 2672 πό·
1435 2675 1436 2704 η

267 2716 332 2773 ‘lae
354 2712 408 2794 τής
432 2709 604 2798 ἐπιστήμης
627 2709 801 2799 ἐφευρεταί
821 2714 884 2779 τοῖν
906 2736 940 2779 τε
960 2716 1113 2799 αἰθερίαν
1135 2715 1189 2777 καί
1211 2713 1362 2795 περιγείων

279 3019 374 3076 στολου
394 3026 609 3092 praetermittere
626 3016 724 3092 mente,
745 3041 824 3096 quum
844 3027 880 3079 ita
899 3029 934 3079 sit
959 3035 1108 3094 comparata
1130 3022 1188 3090 illa,
1210 3034 1240 3078 nt
1257 3026 1362 3094 plerum-

280 3109 332 3162 que
352 3103 504 3161 spectantes
523 3098 593 3150 inter
612 3106 638 3150 et
656 3115 700 3150 res
719 3107 851 3166 spectatas
879 3099 1044 3167 interpositis
1070 3097 1124 3148 loci
1142 3099 1293 3151 intervallis
1312 3096 1363 3146 ani-

278 3182 349 3217 mum
374 3166 460 3232 fallat,
487 3184 555 3236 quae
582 3177 669 3221 tamen
700 3169 834 3237 applicata
851 3178 981 3222 ceterum
1010 3170 1132 3237 'undique
1162 3177 1188 3218 et
1218 3179 1363 3237 quocunque

279 3239 357 3289 modo
377 3245 446 3302 sunt,
466 3247 496 3290 nt
513 3241 634 3291 veritatis
649 3244 766 3310 vestigia
785 3250 811 3292 et
828 3243 946 3308 speciem
965 3240 1177 3310 qualemcunque
1201 3242 1323 3302 elliciaut,
1342 3241 1364 3285 et

281 3308 342 3359 talis
363 3308 462 3360 fraudis
483 3311 588 3362 morbos
607 3321 710 3364 sanent.
749 3320 811 3364 sunt
832 3313 901 3363 enim
920 3314 981 3364 inde'
1001 3313 1134 3363 avertice
1146 3328 1232 3379 usque
1253 3313 1284 3362 ad
1301 3323 1363 3362 snm·

281 3394 348 3430 mam
366 3379 483 3444 barbam,
503 3381 603 3433 labrum
634 3385 694 3435 dico
716 3385 849 3450 saperius,
869 3382 1016 3451 spithamas
1037 3384 1065 3434 in
1096 3382 1288 3450 longitudinem
1306 3381 1363 3432 duo-

284 3449 438 3516 detriginta,
457 3452 484 3502 in
503 3452 668 3506 latitudinem
689 3456 906 3522 quatuordecim,
926 3457 1067 3523 digitorum
1092 3463 1179 3504 autem
1199 3457 1297 3521 primns
1313 3457 1363 3501 octo

283 3528 311 3571 et
332 3522 463 3574 dimidiam
482 3524 509 3574 iu
528 3523 723 3592 longitudinem
738 3526 861 3589 habebat,
881 3536 907 3579 et
923 3526 1021 3594 reliqui
1040 3525 1290 3591 proportionaliter3
1309 3535 1364 3573 ocu-

282 3592 368 3644 lorum
388 3601 442 3644 tres
462 3593 519 3645 lere
537 3596 680 3662 spithamas
703 3595 816 3648 babebat
840 3605 969 3665 uterque,
989 3611 1068 3648 nasus
1097 3605 1183 3647 autem
1203 3612 1288 3664 paene
1305 3599 1365 3645 octo·

283 3664 324 3716 bis
346 3665 382 3715 ita
402 3671 524 3732 tanquam
544 3666 684 3718 elementis
696 3670 852 3735 propositis,
872 3668 1026 3731 lieetbino,
1049 3675 1178 3735 quotquot
1198 3675 1269 3731 sunt,
1289 3667 1365 3733 pictu-

282 3750 340 3786 rum
359 3735 540 3800 iucundiores,
560 3739 638 3790 otiam
658 3739 812 3807 qualitatem
828 3747 976 3792 ceterorum
991 3738 1166 3790 membrorum
1186 3746 1213 3790 et
1230 3740 1334 3805 partium
1345 3738 1366 3781 et

283 3804 362 3858 simul
381 3808 464 3858 totius
486 3810 606 3874 cooperio
625 3811 733 3862 divinae
753 3810 828 3864 illius
847 3812 989 3864 salvatoris
1008 3817 1110 3863 statuae
1130 3810 1162 3860 ad
1183 3804 1366 3876 aequabilitatis

284 3877 414 3929 rationem
435 3878 521 3930 iactae
541 3880 652 3945 formae,
672 3891 769 3949 quauta
791 3883 849 3935 lere
866 3885 910 3946 sit,
928 3884 1014 3935 statim
1037 3880 1169 3948 colligere
1188 3879 1366 3954 longitudinem

286 3957 312 3999 et
331 3947 399 3999 haee
417 3950 547 4017 descripsi
567 3954 594 4003 in
612 3955 734 4005 notitiam
754 3966 845 4007 eorum
865 3956 910 4022 qui
931 3955 999 4005 lorte
1021 3951 1141 4009 inillam
1162 3953 1287 4014 incidant,
1304 3953 1366 4012 opit·

282 4035 351 4070 mam
370 4019 438 4073 hanc
458 4023 548 4074 sciens
567 4024 637 4084 viam
656 4041 717 4076 esse
737 4025 769 4075 ad
787 4042 875 4079 rerum
894 4025 1042 4086 scientiam,
1062 4027 1129 4076 etsi
1148 4025 1231 4092 quiin
1250 4023 1290 4074 his
1309 4031 1366 4094 σου,

283 4091 434 4145 siderantes
453 4103 592 4146 versenter
611 4094 673 4148 libri
692 4097 828 4162 sapientes
848 4097 1075 4165 prospicientiae,
1094 4105 1123 4148 ut
1144 4097 1222 4147 etiam
1240 4083 1366 4168 Aristotelr

283 4161 383 4231 placet.
421 4163 489 4226 dicit
516 4164 565 4218 ille
593 4168 698 4235 quidem
717 4184 823 4222 sensum
851 4185 884 4220 ex
902 4170 1043 4220 multarum
1067 4183 1155 4221 rerum
1184 4167 1278 4235 peritia
1296 4160 1365 4220 effici·

282 4237 405 4308 peritiam
423 4248 511 4294 autem
538 4239 671 4312 principia
702 4240 860 4312 discipliuae
879 4241 1009 4311 cuiusque
1030 4247 1057 4293 et
1086 4241 1214 4312 praebere
1233 4246 1260 4292 et
1277 4233 1365 4290 conir-
