2926 4906
174 359 177 370 ·
226 332 447 399 msroama
465 331 722 396 enneminta
740 333 876 400 xxxiv.
899 311 1025 396 5-8.
1117 314 1192 400 cta

78 495 149 562 τοῦ
164 493 287 573 τοῦτον,
310 491 358 559 ὅτι
379 495 515 579 τοσαῦιη
537 492 633 558 αὐτοῦ
654 492 822 578 ἦδῦνοιμις
853 490 897 568 οἷς
918 492 1002 576 μηδὲ
1023 487 1077 557 τδν
1100 489 1192 573 λόγον

79 597 178 681 ἡμᾶς
198 596 280 681 μετά
294 596 458 684 ἀκριβείας
480 597 599 662 εἰδέναι
619 599 682 662 coe
700 594 754 662 ἀπ’
773 594 870 662 αὐτοῦ
891 595 1077 681 γενομένων.
1099 593 1190 656 τοῦτο

79 697 152 785 γὰρ
183 698 327 774 διανοίας
348 696 552 782 εὐγνώμονος,
573 699 665 762 τοῦτο
686 701 797 781 ψυχῆς
817 693 1008 783 oppinione?

194 805 264 866 Καί
285 798 345 886 γὰρ
381 797 400 864 δ
427 797 502 874 θεὸς
532 798 586 863 διά
616 799 864 885 φιλανθρωπίαν
896 797 1100 878 οἰκονομικῶς
1126 797 1225 869 rotgo

49 901 278 988 οάνθραλποις
300 899 343 976 οῦς
369 901 494 985 νηπιόις
515 897 619 984 πατὴρ
645 899 907 984 συγκαταβαίνων
940 897 996 962 διὰ
1014 898 1077 960 τῶν
1098 895 1192 978 έκδη·
1294 917 1295 922 ’

78 1002 230 1089 λοτέρων
252 1006 377 1087 πρῶτον
411 1003 593 1087 ἐμφανειοῦν
615 1001 671 1064 καί
689 991 755 1076 reio*
777 992 843 1064 οἷον
863 997 1001 1083 βρέφεσι
1025 996 1194 1082 accepite-t

79 1108 230 1190 στέρων,
253 1100 352 1178 οὕτως
385 1101 494 1190 ἀνάγει
514 1099 567 1166 διά
590 1102 678 1177 λείας
706 1099 784 1166 ὁδοῦ
806 1096 887 1186 πρὸς
906 1099 971 1176 ἕξιν
989 1097 1193 1180 τελεωτέραν.

78 1202 146 1268 καί
167 1205 293 1268 Μωσεΐ
316 1203 396 1287 γάρ,
420 1199 438 1266 ὅ
459 1205 548 1276 θεῖος
571 1203 687 1288 φάσκει
701 1200 941 1285 Χρυσόστομος,
964 1195 1019 1261 διὰ
1042 1191 1149 1282 φωτὸς
1168 1191 1192 1278 ἦ

77 1305 147 1372 τοῦ
169 1305 249 1367 θεοῦ
270 1303 441 1389 έπιφάνεια
470 1300 589 1388 ἤρξατο
611 1304 644 1366 έν
673 1303 714 1386 τῇ
736 1298 839 1385 βάτηι·
893 1291 961 1362 εἶτα
986 1295 1041 1361 διά
1059 1293 1193 1382 νεφέλης

39 1403 180 1490 toenitii
200 1402 379 1489 διαλέγεται
401 1400 418 1468 ὁ
440 1403 525 1480 θεός.
545 1392 736 1486 τελειάτερος
760 1402 795 1466 δὲ
807 1399 972 1484 γενόμενος
992 1397 1048 1462 καί
1069 1393 1192 1479 ῦψηλδ-

80 1529 182 1590 τερος
205 1504 238 1567 ἐν
260 1504 369 1590 γνόφῳ
391 1502 446 1568 τὸν
466 1501 542 1568 θεδν
563 1503 685 1586 βλέπει.
733 1503 864 1585 εἰσῆλθε
883 1499 944 1584 γάρ
967 1521 1064 1584 φησιν
1085 1498 1192 1564 Μαῦ-

82 1605 148 1688 σῆς
178 1605 223 1680 εἰς
244 1602 298 1668 τδν
318 1605 437 1691 γνόφον
470 1595 508 1670 οῦ
532 1599 572 1688 ἦν
601 1601 620 1668 δ
652 1601 743 1681 θεός·
786 1605 946 1666 τουτέστιν
976 1598 1056 1685 ἔγνω
1079 1598 1194 1684 σαφοῦς

82 1702 139 1770 ὅτι
162 1701 308 1781 σκοτεινὰ
327 1704 383 1769 καὶ
412 1701 558 1790 ἄγνωστα
590 1703 631 1768 τὰ
652 1707 727 1767 θεῖα
751 1703 807 1774 καί
832 1703 939 1766 πᾶσαν
959 1698 1192 1785 ῦπερβαίνοντα

81 1807 207 1891 γνοῦσιν
227 1804 442 1890 ἀνθρωπίνην.
484 1805 541 1870 καί
564 1804 727 1887 ἀλλαχοῦ·
756 1803 792 1869 τῦ
819 1800 860 1868 “o‘
880 1797 1032 1888 ἑωρακώς
1047 1802 1112 1884 ’ἐμὲ
1131 1794 1227 1876 {cci-0

41 1916 171 1992 lionae
189 1901 247 1970 τὸν
275 1905 417 1992 norece?
447 1906 636 1983 ἀκούσαντες
668 1906 885 1990 ἐδιδάχθημεν
918 1902 962 1980 οῦς
988 1898 1050 1989 ἤδη
1076 1903 1191 1969 τέλειοι

85 2005 135 2091 μὴ
159 2009 343 2092 προσδοκᾶν
365 2010 406 2072 δι’
429 2006 610 2093 ὀφθαλμοῖν
633 2002 777 2088 ὄψεσθαι
796 2006 882 2083 θεόν,
905 2005 972 2070 ἀλλ’
996 2004 1115 2070 εἰδέναι
1134 2003 1191 2088 τὴν

88 2110 146 2172 τοῦ
167 2109 246 2172 θεοῦ
267 2104 381 2192 ὅρασιν
417 2109 532 2193 γνῶσιν
565 2101 664 2172 οάσαν
692 2109 752 2172 καί
781 2106 896 2193 νοερδιν
925 2107 1114 2190 κατάληψιν,
1136 2103 1192 2168 οῦκ
1299 2112 1302 2121 ’

92 2203 245 2291 αἴσθησιν
267 2209 460 2294 σωματικήν.
524 2207 616 2274 οῦδὲν
647 2203 704 2272 οῦν
733 2206 842 2271 καινδν
876 2208 905 2271 εἰ
937 2212 1004 2282 τοῖς
1030 2209 1193 2290 μαθηταῖς

89 2306 235 2374 ἀτελέσιν
257 2302 348 2374 οδσιν
368 2308 432 2387 ἔτι,
454 2311 510 2374 κοιλ
533 2308 590 2386 τάς
612 2309 745 2384 ἐλπίδας
769 2307 941 2391 ἀβεβαίους
969 2306 1194 2380 cellensem&

44 2407 138 2476 βλέπ’
165 2407 254 2494 αὐτῷ
275 2408 475 2494 κεκτημένοις
497 2409 551 2475 διὰ
571 2409 607 2475 εδ
626 2409 672 2494 μὴ
693 2407 737 2485 οῦς
766 2407 842 2473 θεὸν
865 2409 932 2473 ἀλλ’
956 2405 1000 2484 οῦς
1022 2402 1193 2492 ἄνθρωπον
1225 2404 1230 2412 ’

84 2505 171 2593 δρῦν
203 2506 382 2577 coniciet
412 2508 517 2597 φωτδς
547 2510 755 2597 φαινόμενον,
785 2507 866 2594 πρὸς
896 2505 985 2592 ἀμὴ
1016 2505 1193 2593 φαίνεσθαι

86 2609 240 2686 δυνατόν,
273 2610 509 2696 παρεσκεύαζεν
540 2609 608 2698 δδιβ
637 2611 693 2675 καί
717 2609 804 2687 τέξει
831 2613 950 2694 νοητῦς
986 2606 1067 2674 κατὰ
1095 2606 1191 2670 δῦνα,

82 2733 144 2792 μιν
166 2707 298 2776 ἀνιέναι.
347 2707 403 2795 τὴν
431 2709 495 2798 γὰρ
530 2711 710 2796 σεβασμίων
740 2711 981 2797 μακαριότητα,
1021 2707 1102 2774 κατὰ
1137 2704 1191 2770 τὸν

115 2805 118 2810 ’
1169 2805 1184 2831 O

85 2944 163 2991 tanta
182 2945 232 3003 eat,
254 2945 285 2990 nt
301 2938 433 2992 rationem
450 2942 568 2992 omnium
591 2956 680 2994 earum
700 2955 790 2993 rernm
809 2954 879 3009 quae
897 2955 930 2994 ea
948 2940 1118 2996 eontinentur
1137 2955 1192 3010 non

85 3016 215 3134 ιαρορειε
233 3009 389 3080 intelligere
408 3013 551 3079 poaaimna,
571 3012 622 3064 lroc
642 3019 734 3065 rectae
752 3010 952 3080 intelligentiae
971 3017 1021 3077 ert,
1042 3010 1094 3063 lroc
1112 3011 1192 3064 animi

86 3095 120 3135 ιο
138 3095 184 3134 ιιι.

73 3216 78 3238 ,
188 3174 261 3226 Deua
281 3175 351 3236 enim
376 3184 487 3242 propter
512 3193 629 3229 amorem
649 3192 713 3245 erge
737 3177 858 3229 hominen
876 3176 1021 3244 prudenter
1039 3175 1191 3228 hominilaoa

86 3255 118 3302 nt
136 3244 283 3301 infantilem
298 3245 340 3300 ,ab
370 3247 447 3300 initio
467 3249 547 3301 rebus
570 3249 721 3311 ,maniieatia
743 3256 769 3303 et
796 3250 887 3315 captui
906 3247 1190 3302 accommodatiorihua

88 3331 265 3379 succurrent,
292 3317 355 3370 trita
374 3318 419 3368 via
437 3319 470 3371 ad
489 3319 678 3386 perfectiorem
705 3319 886 3376 conditionem
905 3319 987 3373 ducit.
1023 3318 1090 3373 lioai
1109 3319 1190 3383 enim,

87 3390 126 3456 ait
146 3387 173 3441 S.
193 3385 244 3441 ille
262 3385 477 3454 Ghryaoetomuc,
497 3405 547 3456 per
563 3390 651 3444 lucem
671 3392 783 3457 primum
795 3392 839 3444 dci
859 3389 1039 3445 manifectatio
1059 3388 1130 3444 iacto
1149 3397 1191 3446 ert

88 3461 116 3512 in
138 3457 220 3521 ailae,
240 3456 336 3512 deinde
357 3475 372 3512 e
390 3458 462 3512 nube
482 3475 541 3512 cum
561 3477 593 3514 eo
614 3461 764 3516 collocutae
783 3469 831 3514 ert
843 3461 924 3524 deum
955 3475 1035 3531 qnam
1052 3467 1141 3512 autem
1157 3460 1191 3516 ati
1221 3519 1225 3532 ,

86 3529 187 3582 altiora
205 3527 293 3592 aptior
312 3536 339 3580 et
365 3529 399 3582 ad
417 3531 597 3586 reconditiora
619 3533 705 3586 lecina
725 3541 812 3596 ercet,
841 3532 869 3586 in
889 3532 996 3586 turbine
1014 3531 1091 3586 leam
1112 3530 1189 3586 vidit.

27 3646 29 3663 ,
88 3599 167 3656 vonit
189 3598 277 3662 enim,
297 3599 335 3649 nit
352 3599 459 3663 liccat,
486 3601 515 3652 in
538 3602 671 3656 turbinem
696 3603 741 3654 ubi
761 3603 921 3666 eretcleua3
947 3603 968 3655 i.
989 3601 1191 3660 coiecerunt
1267 3648 1274 3661 x

85 3669 226 3736 incognite
253 3668 345 3721 divina
366 3677 392 3720 et
411 3684 516 3722 omnem
544 3672 679 3726 hominum
702 3671 909 3740 intelligentiam
933 3673 1088 3740 superantia
1106 3671 1190 3740 probe

86 3739 235 3797 intellexit.
275 3747 301 3790 et
320 3738 397 3803 alias,
420 3740 466 3793 ubi
485 3740 603 3809 iegitur:
633 3745 679 3810 qui
696 3743 770 3796 videt
790 3743 850 3806 mc,
868 3744 942 3796 videt
964 3750 991 3794 et
1008 3750 1119 3808 patrem,
1137 3742 1189 3795 δο-

86 3824 179 3866 cemur
197 3810 250 3864 iam
268 3811 417 3876 perlectum
428 3825 488 3864 cecc
500 3826 554 3864 non
574 3814 684 3866 credere
703 3827 753 3868 noc
767 3828 816 3879 per
830 3813 924 3867 oculos
941 3815 1084 3881 percipere
1101 3815 1189 3878 deum,

86 3882 134 3936 aed
153 3881 225 3934 acire
252 3881 302 3932 (lei
322 3881 591 3946 contemplationem,
621 3883 728 3935 scilicet
745 3881 952 3950 intelligentiam
977 3889 1005 3938 et
1022 3883 1189 3950 apiritrralem

86 3952 300 4020 perceptionem,
317 3965 371 4004 non
387 3951 565 4017 corporalem,
586 3967 641 4006 non
658 3954 741 4021 igitur
759 3968 868 4017 novum,
887 3955 910 4005 ci
930 3953 1076 4021 dicccpulia
1094 3954 1188 4021 proin.

88 4024 131 4076 nie
160 4028 187 4074 et
212 4021 246 4078 iic
273 4022 320 4088 qui
347 4020 451 4076 debiler
484 4031 511 4076 et
534 4023 651 4078 infirmas
679 4024 712 4076 de
739 4039 772 4076 co
785 4023 935 4090 habeberet,
954 4026 1017 4093 quia
1036 4039 1090 4080 non
1109 4025 1188 4079 deam

87 4109 163 4156 enm,
187 4091 235 4146 aeti
253 4091 386 4150 hominem
404 4092 539 4158 videbant,
559 4110 607 4161 per
625 4094 713 4148 lucem
732 4101 902 4162 apparentem
921 4097 950 4150 in
969 4097 1018 4160 eie,
1036 4095 1082 4148 ubi
1101 4109 1189 4162 eppa-

85 4179 148 4218 rere
171 4169 349 4228 conpeteret
380 4161 445 4218 iecit
467 4172 497 4214 ut
520 4163 718 4233 intelligentiae
742 4181 794 4234 qua
818 4174 930 4232 percant
960 4168 1006 4221 vie
1032 4173 1061 4218 et
1091 4167 1187 4218 ordine

86 4233 268 4308 perciperent.
305 4227 421 4286 divinam
449 4235 520 4288 enim
540 4235 720 4302 maiestatem,
747 4243 777 4288 ot
800 4235 828 4292 S·
847 4235 993 4305 Dionysiae
1010 4237 1063 4303 ait,
1089 4236 1186 4304 myrti.
