2926 4906
148 371 150 388 A
207 247 1076 366 unronrmnnmunnauxxx1v.tn-tt.
1145 281 1220 364 mr
1315 237 1319 245 ¹

118 457 321 542 ἰδιοτροπιάν
352 459 409 542 τῆς
425 449 575 542 ἓβρυΐδος
605 454 672 524 ἔστι
703 455 857 541 λεγόμενα
880 459 1064 542 διαλέκτου·
1109 453 1161 524 οἶα
1178 444 1222 526 ’τό

16 593 22 603 -
119 555 178 644 ὑφ’
200 555 291 642 ἡμῶν
310 559 415 622 έκεῖνο
429 559 486 622 νῦν
502 556 726 644 προβληθέντα
739 556 796 621 καὶ
814 555 876 624 icc
896 561 1115 648 παραπλήσια,
1138 561 1219 646 λέγω

121 657 161 741 δὴ
184 656 220 722 τό
239 656 393 743 “ε’λάλησε
428 657 536 744 κόριος
557 656 638 744 πρός
658 660 789 743 Μωσῆν
818 659 950 737 ένιόπιος
970 663 1104 748 ἒνωπόιρ,
1127 657 1170 738 ιός
1192 658 1223 726 εἴ

118 781 169 834 τις
195 758 328 842 λαλήσει
348 756 429 844 πρός
448 751 565 822 ἑαυτοῦ
587 758 697 844 φίλον,
729 758 832 844 στόμα
861 759 941 846 πρός
962 761 1064 845 στόμα
1087 764 1120 826 έν
1142 760 1221 830 εἴδει

89 859 178 928 tuci
202 858 238 922 οὗ
261 862 300 924 δι’
322 857 543 944 clamucium?
563 859 618 924 καδ
631 861 726 924 πόλιν
739 858 794 924 “eti
816 862 851 925 δὲ
873 857 949 947 ὄρος
968 865 1025 927 τοῦ
1042 865 1123 927 Σινά
1144 864 1218 926 ἐκα-

118 959 248 1040 πνίζετο
273 957 327 1024 διδ
354 957 389 1024 τό
418 961 670 1045 καταβεβηκέναι
703 963 750 1025 ἐπ
775 960 852 1027 αότό
885 961 938 1028 τόν
960 960 1037 1028 θεόν
1058 964 1092 1027 έν
1113 961 1220 1048 nupt?

116 1061 177 1124 κατ’
199 1059 294 1124 πόλιν
314 1058 370 1124 “ui
394 1063 429 1125 δὲ
450 1056 533 1136 εἶδος
554 1063 611 1145 τῆς
632 1063 726 1146 δόξης
748 1061 861 1148 κυριόυ
878 1060 921 1138 οδς
942 1065 1006 1147 πῦρ
1029 1062 1144 1148 φλέγον
1166 1061 1219 1126 ἐπὶ

117 1162 269 1246 κορυφῆς
288 1161 345 1223 τοῦ
368 1155 465 1248 ὅρους
482 1162 622 1226 ἐναντίον
643 1165 705 1226 τῶν
728 1159 806 1225 οιιόν
825 1160 983 1248 Ἰσραήλ”
1011 1161 1067 1226 καί
1088 1163 1219 1226 τοιαῦτα

116 1261 243 1346 μοριά,
276 1259 379 1325 όπόσα
411 1261 519 1326 κτιστά
548 1258 622 1328 όντα
643 1264 684 1348 τῇ
700 1263 771 1384 μὲν
794 1262 926 1348 ἀκτέοτιρ
952 1259 1046 1379 οάσέρι
1066 1285 1121 1325 του
1107 1262 1220 1326 θεοῦ

73 1375 108 1434 lt
118 1363 248 1426 παντων
270 1359 382 1446 ἥκιστά
403 1363 487 1426 ἐστιν
511 1360 675 1488 ἁρμόττειν
696 1359 804 1440 όσιον,
826 1362 907 1448 πρός
924 1386 960 1446 γε
989 1358 1053 1446 μην
1084 1364 1219 1427 παιδευ-

117 1462 211 1546 τικην
229 1479 293 1526 των
309 1462 487 1546 χρωμένων
510 1463 691 1544 οἰκονομίαν
713 1486 749 1525 ου
739 1461 852 1545 ’μόλα
877 1462 1045 1547 ἀχρήστως
1066 1460 1144 1542 ἔχει,
1165 1460 1220 1526 vus*

117 1562 188 1648 μὴν
215 1559 283 1625 οὐδ’
314 1558 359 1638 οδς
393 1560 588 1648 πορρωτατω
617 1564 673 1626 τοῦ
705 1560 870 1648 ωφελόμου
905 1568 1015 1625 κεῖται.
1057 1567 1165 1625 καλεῖν
1190 1563 1287 1626 cl'att

113 1651 278 1746 οἶμαιτὰ
299 1662 390 1748 λόγια
414 1665 477 1726 τοῖν
499 1665 672 1748 προφητῶν
691 1664 725 1728 ἀν
746 1661 824 1726 εἴδει
844 1664 903 1746 μὲν
916 1659 1045 1745 όμιλιάν
1065 1663 1144 1725 θεοῦ
1165 1663 1220 1728 κατ’

121 1763 265 1850 ἀγγέλων
288 1762 369 1850 πρός
391 1761 582 1846 ἀνθρώπους
602 1760 658 1846 τὴν
680 1761 834 1848 αἰσθητὴν
856 1763 912 1828 καὶ
932 1761 1138 1849 ἐγρηγορόσιν
1161 1762 1219 1826 αὕ-

75 1872 190 1940 uteie
215 1863 419 1951 φαινομένην,
438 1860 552 1937 όποιάς
574 1862 629 1926 uui
648 1861 797 1948 Ἀβραὰμ
819 1862 951 1946 ἦξαόται
967 1863 1122 1949 πρότερον
1144 1861 1220 1928 θεόν
1311 1943 1312 1948 ¹

122 1965 183 2047 οάχ
214 1963 269 2042 uic
291 1963 368 2028 θεόν
399 1963 497 2040 ἰδών,
527 1963 594 2026 ἀλλ’
634 1961 677 2038 ὥς
701 1960 871 2048 ἄνθρωπον
902 1964 1048 2049 θρέψας·
1101 1963 1137 2039 ἀς
1164 1963 1220 2028 καί

126 2067 279 2153 ἐπῃνέθη,
302 2062 391 2151 φησέ,
415 2063 587 2147 σεβασθεδς
609 2060 727 2127 όπόσον
743 2065 914 2146 ,κατέλαβα
956 2064 1012 2128 καὶ
1031 2061 1112 2146 μετὰ
1131 2063 1219 2128 πλεέ-

125 2186 218 2242 στους
242 2162 359 2240 ἀλλους
375 2163 507 2248 ὕστερον
518 2163 665 2228 ,Marce
691 2161 726 2238 ἀς
746 2163 802 2226 καί
823 2162 1022 2228 ἀπολωλέναι
1038 2162 1116 2288 έβόρι
1140 2161 1220 2226 διότι

124 2263 200 2331 θεόν
222 2259 419 2392 ἑόρακεν,ε
393 2289 437 2340 ως
461 2262 497 2326 οά
516 2265 667 2347 χωρητῆς
689 2258 924 2347 ἀνθρώποις
886 2287 991 2346 ουσης,
1016 2263 1123 2348 φησίν,
1146 2259 1221 2326 οὐδὲ
1323 2297 1328 2310 ·

76 2365 307 2464 ρρφαντασιάς
325 2364 427 2440 θειάς,
447 2390 492 2447 μη
515 2363 564 2428 ὅτι
587 2363 722 2449 φδσεως.
761 2365 800 2426 δι’
824 2362 1070 2488 αινιημότωηδ
1092 2355 1222 2485 οοντην
1299 2436 1304 2443 ⁴

119 2469 165 2530 δι’
189 2463 380 2550 όνειράτων
424 2462 572 2548 ἀλαμπης
592 2464 653 2549 γάρ
674 2488 721 2538 τις
743 2461 832 2547 αὕτη,
850 2463 906 2528 καὶ
928 2462 964 2528 οδ
986 2463 1067 2528 πάνυ
1088 2488 1120 2530 τι
1140 2461 1221 2548 πρό-

119 2569 237 2652 δηλος·
280 2564 336 2629 κατ’
356 2561 418 2650 γάρ
444 2566 484 2628 δι’
521 2561 625 2630 ἀλλων
649 2561 729 2628 ἀλλα
753 2565 982 2646 συμπλέκουσα
1004 2575 1059 2628 ποι
1052 2561 1222 2648 συγκρό-

117 2690 255 2748 πτουσᾳ,
276 2665 367 2752 νέφει
385 2665 447 2729 τινδ
470 2664 706 2747 καλυπτομένην
727 2662 886 2749 ἀσαφείας
900 2663 1037 2750 παρέχει
1047 2687 1103 2748 την
1118 2663 1221 2747 δήλω·
1271 2733 1276 2742 ,

118 2790 183 2832 σιν.
236 2757 280 2832 όν
309 2767 365 2831 κατ’
393 2771 536 2830 πλεῖστοι
566 2765 625 2846 μὲν
655 2765 760 2851 ἕτεροι
785 2763 920 2850 κήρυκες
950 2763 1113 2846 ἀψευδεῖς,
1137 2758 1283 2840 ἀλλάη

116 3054 312 3124 proprietatem
332 3055 402 3108 (licta
420 3063 490 3122 snut,
511 3055 629 3127 queliaa
647 3052 725 3110 nobis
743 3055 792 3108 illa
806 3055 858 3108 iam
876 3055 981 3125 prolata
994 3062 1065 3122 sunt,
1085 3062 1113 3108 et
1133 3071 1219 3124 quas·

118 3141 227 3250 ηοοηυο
247 3126 433 3250 τοαιᾱεηωίλίι,
451 3129 546 3262 δίορ
534 3136 621 3180 autem
640 3128 721 3180 illud·
740 3128 847 3250 locutam
867 3137 908 3180 eat
926 3129 1054 3250 iuimicusl
1062 3127 1100 3180 td
1112 3127 1219 3248 {lesem

137 3211 153 3250 e
184 3197 303 3250 aciemn
351 3199 435 3249 aciem
478 3215 495 3250 u
525 3201 548 3250 si
587 3201 795 3250 uicnmamrce
835 3211 900 3250 eor
936 3215 950 3250 a
987 3214 1018 3251 es
1057 3199 1219 3259 omunia

117 3269 224 3338 specie,
243 3283 297 3322 nou
316 3283 365 3336 per
383 3270 541 3338 aenigmate.
569 3216 608 3322 qet
627 3286 734 3323 rursus:
762 3283 839 3322 mons
858 3216 941 3322 sinii
949 3215 1219 3337 mmanetqqeentan

118 3341 186 3392 dens
206 3354 255 3406 per
273 3341 350 3407 ignes
368 3341 396 3392 in
416 3357 474 3392 eum
493 3341 680 3393 descendebat.
719 3349 746 3393 et
764 3341 845 3392 elias:
864 3343 970 3409 species
989 3341 1096 3393 divinae
1114 3339 1218 3408 gloriae

119 3418 163 3462 est
179 3411 250 3484 ignis
269 3409 360 3478 lnlgur
377 3413 411 3462 de
431 3413 535 3463 vertice
553 3414 655 3464 montis
668 3413 795 3466 adversus
814 3411 885 3464 ilios
908 3412 1002 3464 lsrael.
1040 3410 1122 3469 multa
1144 3411 1218 3462 eins.

117 3483 193 3532 motii
220 3495 403 3550 quaecumque
429 3491 519 3534 creatu
537 3491 618 3548 snut,
639 3499 698 3535 cnm
722 3486 843 3534 increata
869 3484 912 3535 dei
937 3483 1054 3534 essentia
1079 3480 1218 3533 conciliari

117 3553 230 3604 minime
249 3551 322 3604 lieet.
360 3553 391 3604 ad
412 3553 602 3619 discipulorum
620 3551 812 3606 institutionem
834 3569 888 3605 non
907 3553 1022 3618 inutile,
1042 3554 1121 3603 immo
1141 3567 1218 3620 quam

118 3621 290 3675 utilissimum
310 3629 360 3674 est.
397 3623 489 3674 omitto
518 3639 617 3676 vocare
640 3626 845 3691 prophetarum
857 3625 940 3675 rerba
966 3627 993 3675 ln
1013 3624 1104 3691 specie
1128 3622 1171 3673 clei
1191 3628 1218 3675 et

119 3693 279 3760 angelorum
291 3707 356 3744 cnm
381 3693 532 3745 hominibus
556 3697 788 3746 conversationem
815 3694 965 3746 sensualem
989 3702 1017 3745 et
1042 3692 1218 3744 vellentibus

118 3763 178 3816 illis
198 3773 381 3832 apparentem.
420 3779 488 3832 quse
503 3765 608 3833 quidem
621 3765 735 3817 Abraam
757 3767 872 3833 contigit
890 3766 1055 3847 quiprlmurn
1063 3695 1146 3815 δεαω
1163 3777 1218 3814 τοι

118 3835 198 3887 deum
217 3836 294 3899 vidit,
314 3837 360 3886 sed
379 3843 408 3887 ut
427 3837 585 3886 hominem
578 3850 605 3886 nn
626 3835 768 3901 hospitium
781 3836 893 3912 recepit.
923 3827 959 3886 et
979 3835 1100 3886 laudatus
1121 3840 1162 3901 est
1182 3833 1218 3884 ob

118 3908 302 3958 reverentiam
320 3921 372 3974 qua
393 3922 453 3957 enm
471 3906 584 3970 recepit.
623 3914 649 3957 ct
666 3912 774 3971 praeter
797 3893 942 3971 permultos
961 3904 1030 3956 alios
1047 3912 1141 3971 postea
1159 3904 1219 3956 lla..

117 3991 173 4028 noe
192 3991 223 4028 se
242 3977 317 4043 perdi
336 3977 474 4041 clamavit,
494 3976 563 4043 qnod
585 3975 662 4026 deum
682 3976 803 4027 vidisset.
823 3990 876 4027 non
895 3977 928 4027 ad
950 3975 1084 4026 hominum
1103 3982 1217 4040 captum,

117 4047 216 4116 lnquit,
236 4051 297 4116 apta
316 4049 557 4114 estde1cognruo,
576 4048 671 4098 nedum
685 4054 789 4109 natura,
808 4049 855 4099 sed
875 4061 923 4114 per
941 4048 1102 4098 somniorum
1121 4045 1219 4112 acnig

117 4125 205 4184 mata,
235 4119 301 4170 hece
327 4119 397 4170 enim
426 4119 490 4170 lucc
510 4119 700 4186 quodammodo
728 4127 755 4169 ct
769 4117 891 4169 claritate
916 4118 1041 4169 destitute
1060 4124 1102 4168 est
1118 4115 1218 4184 qnippe

119 4205 191 4264 quae
209 4188 288 4244 aliam
307 4190 361 4242 elie
379 4191 539 4259 implicatam
554 4187 653 4242 nebula
674 4187 842 4242 obscuritatis
857 4188 1062 4259 explicationem
1081 4185 1217 4258 praebeat·
