2880 4910
233 287 306 356 aaa
453 331 472 363 ,-
532 289 756 357 arcaruonr
772 289 1014 390 ἱοιιεοοιιιιο

95 464 99 476 ‘
164 467 220 519 0⁸
230 451 338 522 ἔπειτα
357 457 390 530 εἰ
405 453 462 539 τὴν
477 453 637 540 ἐνέργειαν
650 452 756 536 ἕτερον
769 448 851 518 εἶναι
872 454 971 536 λέγεις
986 455 1065 518 aaut
1083 455 1160 520 θεοῦ
1182 447 1327 535 καθάπερ

230 557 284 622 ἐπί
304 561 368 621 τοῖν
390 560 554 621 συνθέτων
576 556 684 641 ἡμῶν,
716 557 771 618 ιιαί
799 556 888 630 ἰδίως
919 549 1064 620 οἴκτιστον
1089 551 1251 640 θεότητα,
1273 555 1330 618 καί

230 653 314 721 ἔστιν
335 653 487 739 ἑκάτερον
507 645 625 720 τούτωνΙ
647 649 725 736 ὅπερ
751 654 808 719 οὖν
828 652 911 720 ἔστιν
933 648 1090 740 ἑκάτερον,
1114 657 1172 718 κατ’
1192 651 1245 718 αἐί
1263 651 1328 718 θά-

232 781 322 840 τερον
343 757 431 839 παροῖ
448 757 586 842 θάτερον
599 755 779 840 α’μοιβαίόν
793 755 850 842 τήν
868 757 1029 846 διαφοραῖν
1043 759 1098 822 καί
1109 755 1156 840 μα’
1158 781 1221 841 χην
1243 762 1328 837 λαμ-
1432 769 1433 840 η

229 854 325 940 βάτον
349 857 452 940 λόγοις
486 859 542 924 καί
573 860 757 943 πράγμασιν
781 859 913 946 (ἀνάγκη
943 861 1004 942 γὰρ
1040 853 1079 922 σίν
1104 855 1152 944 εἴη
1174 859 1262 922 πᾶσα
1286 856 1351 930 τοὶς
1432 845 1433 866 ³

169 1041 175 1046 ἱ
215 953 333 1034 οὕτως
354 959 503 1042 α’λλὸτρια
526 963 564 1047 τῇ
586 962 682 1045 φύσει
707 960 762 1024 καί
781 965 923 1050 σημασίρι
952 959 996 1042 μή
1019 957 1133 1024 ταιίτὸν
1154 951 1236 1022 εἶναι
1259 963 1325 1024 θα-

228 1064 309 1146 τίριρ
332 1058 495 1145 θάτερόν),
514 1058 603 1126 ἔσται
629 1055 709 1144 ἄρα,
731 1063 761 1126 εἰ
782 1063 799 1144 ἡ
826 1060 966 1146 ἐνέργεια
986 1054 1130 1135 ἄπειστος
1151 1063 1207 1124 καί
1228 1061 1328 1124 οἶνοί-

228 1183 305 1240 σιος,
327 1160 434 1245 ντιστὴ
454 1160 473 1244 ἡ
498 1162 591 1226 οὐσία
603 1167 665 1244 iani
678 1162 892 1248 οἲνενίργητος,
915 1161 958 1238 οἷς
972 1161 1117 1245 α’νωτίρω
1133 1184 1168 1242 γε
1182 1159 1328 1244 ηἰιηιιόεις
1358 1174 1369 1194 '
1432 1171 1433 1226 l

228 1262 292 1325 τοῖν
311 1265 407 1324 θείων
428 1269 496 1326 κατ’
526 1260 704 1347 ἐπιστήμην
736 1259 775 1326 aa
800 1264 926 1328 ἐναντία
947 1271 1012 1339 τοῖς
1044 1259 1327 1343 ε’ναντίοιςίριζο-

228 1365 330 1442 μένων
351 1362 487 1444 ἀνδρῶν.
539 1364 569 1427 εί
589 1365 632 1443 ’δὲ
654 1367 710 1427 καί
743 1363 776 1427 τὸ
802 1367 858 1446 τῆς
881 1365 1040 1448 ἐνεργείας
1071 1354 1169 1442 ὄνομα
1198 1364 1367 1444 γενικῶςιο
1432 1365 1433 1386 ’

228 1460 308 1527 κατὰ
328 1464 364 1526 σὲ
387 1462 511 1528 πιίντων
532 1466 580 1528 ἐπ’
609 1462 679 1548 ἴσής
698 1453 901 1550 ’κατηγοροῖτο
928 1468 990 1529 τοῖν
1013 1453 1176 1544 ὀνομάτων
1182 1509 1193 1540 ,
1226 1461 1327 1528 δυναί-

226 1587 312 1645 μεως
332 1569 422 1646 λέγω,
450 1570 566 1650 σοφίας
597 1568 678 1648 ζωῆς
711 1562 815 1650 φωτὸς
843 1568 953 1646 θυμοῦ
973 1567 1205 1648 μακροθυμίας
1231 1564 1327 1648 ὀργῆς

221 1664 400 1748 ὀἰοργησίας
429 1670 483 1728 καί
515 1668 579 1730 τῶν
601 1667 761 1745 τοιούτων,
781 1659 869 1741 ὅσοις
897 1664 1013 1748 ἧθειά
1044 1667 1194 1748 κέχρηται
1214 1663 1325 1749 γραφη
1408 1719 1411 1722 .

227 1767 414 1845 θεοπρεπῶς
443 1775 673 1850 ιιαταφατικοΐς
696 1789 727 1830 τε
759 1766 813 1830 καί
834 1766 1044 1851 α’ποφατικοῖς
1070 1767 1125 1828 καί
1147 1764 1325 1846 ιίντικειμὲ·

226 1885 292 1938 νοις
314 1864 476 1949 ὀνόμασιν,
497 1869 719 1950 ἐπιδραμεῖται
740 1863 851 1932 λοιπόν
872 1868 926 1932 καί
941 1869 1016 1932 πᾶσι
1032 1868 1156 1941 τούτοις
1172 1869 1221 1931 ἐπ’
1244 1863 1325 1950 ἴσης,
1336 1887 1364 1940 15

104 1964 284 2028 ultrast
304 1961 418 2045 ὁμοίως
439 1967 492 2031 αἐί
523 1965 750 2052 κατορχησεται
773 1971 836 2032 ταῖν
869 1967 1036 2048 ὀνομάτων
1060 1961 1207 2030 ἁπάντων
1228 1963 1325 2030 τιίτό-

226 2091 338 2151 πημα,
370 2070 425 2131 καί
448 2065 616 2134 σιασιοίσει
644 2067 724 2152 πρὸς
745 2063 841 2134 ἕαοτὸ
876 2067 989 2151 τὸτῆς
1022 2069 1182 2150 ἐνεργείας
1213 2058 1324 2147 ὄνομα,

225 2167 345 2252 ταύτης
367 2167 407 2251 δη
430 2174 486 2252 τῆς
508 2157 693 2248 ἰδιαζόντως
717 2167 804 2235 'aare
830 2173 866 2234 σὲ
889 2167 1058 2254 λεγομένης
1079 2165 1325 2242 οἷκτίστοοθεό-

225 2291 329 2353 τητος.
354 2271 428 2334 καθ’
450 2269 468 2332 ίί
487 2271 550 2354 γὰρ
574 2273 703 2336 ἕκαστον
724 2267 934 2353 ἓνοὶσιουζτοῖν
954 2264 1057 2335 ἄλλων
1081 2271 1220 2334 λείπεται
1242 2272 1327 2356 πιέν--ι

224 2394 296 2448 των,
316 2373 383 2451 κατ’
406 2358 586 2436 ἑκεῖνοτοῖν
609 2366 713 2436 ἄλλων
737 2368 882 2438 ἁπάντων
899 2369 1080 2458 ἤλαττωιαί
1100 2393 1131 2434 τε
1152 2369 1207 2434 καί
1230 2371 1361 2455 afile-20

225 2473 363 2552 τρίωται.
406 2471 460 2536 καί
482 2473 515 2535 ἓν
533 2467 620 2550 εἶναι,
636 2471 762 2549 πάντας
784 2475 897 2538 ον’σίαν
921 2472 1118 2554 ὁμολογεῖται
1149 2468 1204 2534 καί
1228 2471 1323 2557 φύσει

225 2573 288 2634 πᾶν
307 2567 326 2640 ὃ
349 2576 471 2654 λέγεται
494 2573 549 2637 καί
570 2573 762 2656 ὀνομάζεται
785 2577 970 2659 θεοπρεπῶς
998 2572 1084 2658 ἡμῖν,
1106 2575 1161 2638 καί
1182 2568 1249 2636 ἔστι
1271 2572 1325 2638 καί

224 2924 375 2978 ficationem
395 2924 496 2976 ambae.
534 2925 631 2978 deinde
647 2926 671 2978 si
689 2925 861 2978 efficientiam
881 2925 1013 2978 diversant
1032 2940 1091 2978 esse
1109 2924 1177 2978 dieis
1197 2927 1278 2978 etiam
1295 2927 1320 2978 in

224 2997 285 3060 deo,
304 2997 377 3048 utin
392 2997 470 3050 uubis
490 2998 663 3068 compositis,
684 3006 711 3049 et
729 2999 839 3065 proprie
858 3000 1002 3049 increatam
1024 2997 1208 3061 divinitatem,
1231 3004 1258 3050 et
1276 3006 1321 3049 ut.

227 3084 338 3135 rumque
358 3077 407 3132 est,
428 3069 497 3137 quod
515 3069 628 3120 alterurn
647 3083 701 3120 nou
721 3076 770 3134 est,
791 3076 818 3120 et
831 3084 936 3136 semper
954 3068 1067 3122 alterum
1087 3067 1256 3134 praenitere
1278 3071 1319 3121 in-

224 3140 312 3191 vicem
331 3139 506 3192 differentiam
527 3148 553 3192 et
572 3155 687 3208 pugnam
706 3141 819 3208 suscipit
839 3140 930 3192 verbis
949 3149 976 3191 et
993 3139 1083 3204 rebus,
1104 3143 1160 3206 (est
1181 3141 1249 3190 eninr
1269 3157 1319 3192 ne-

228 3227 305 3262 cesse
326 3211 451 3275 omnino,
472 3227 540 3278 quae
565 3218 616 3262 tam
641 3213 694 3264 sint
712 3210 800 3263 aliena
823 3219 850 3261 et
868 3219 962 3263 natura
980 3219 1007 3262 et
1025 3211 1241 3278 significatione,
1266 3227 1318 3263 nau

223 3281 293 3332 idem
314 3297 373 3331 esse
392 3281 471 3333 alteri
491 3281 618 3350 altarum)
639 3283 689 3334 erit
708 3283 790 3350 igitur·
813 3283 836 3334 si
857 3282 1001 3334 efficientia
1024 3283 1142 3332 increata
1169 3289 1209 3333 est
1229 3290 1257 3333 et
1276 3284 1318 3334 in-

155 3401 159 3410 ,
225 3349 386 3414 essentialis,
406 3359 494 3403 ereata
514 3361 541 3402 et
561 3353 687 3406 inefliaax
709 3353 835 3416 essentia,
856 3362 982 3420 utsupra
1002 3353 1127 3405 audivisti
1146 3351 1252 3404 divinos
1275 3355 1317 3406 vi-

223 3437 268 3474 ros
288 3421 430 3497 seeundum
451 3422 559 3490 regulas
586 3424 775 3491 philosophiae
801 3426 934 3477 contraria
953 3425 1092 3476 contrariis
1120 3423 1241 3475 delinire.
1279 3426 1331 3477 sia'

224 3500 311 3544 autern
332 3492 410 3544 etiam
427 3494 589 3546 efficientiae
607 3511 703 3547 nornen
722 3497 888 3564 generaliter
905 3512 938 3548 ex
965 3504 1010 3547 tua
1031 3495 1164 3547 sententia
1182 3509 1269 3564 aeque
1287 3495 1318 3546 tle

224 3563 346 3614 omuibus
365 3564 532 3629 praedicatur
551 3567 716 3630 nominibus,
745 3568 787 3619 ris
812 3568 888 3630 dico,
907 3567 1073 3634 sapientiae,
1093 3567 1184 3630 vitae,
1201 3565 1316 3629 luminis,

222 3635 314 3697 animi,
333 3634 510 3699 elementiae,
532 3637 604 3702 irae,
624 3636 844 3706 tranquillitatis,
864 3637 1025 3704 taliumque,
1050 3636 1253 3706 quibuscunque
1271 3651 1316 3689 usa

225 3712 266 3757 est
286 3707 415 3771 scriptura
447 3708 537 3759 divina
556 3709 606 3759 deo
627 3710 822 3762 convenienter
847 3709 1036 3761 affirmantibus
1063 3716 1090 3758 et
1113 3708 1272 3776 negantibus
1291 3715 1316 3758 et
1337 3761 1346 3767 q

225 3777 358 3843 oppositis
376 3778 537 3842 nominibus,
558 3781 669 3832 accedet
697 3781 748 3832 ianr
768 3781 846 3832 etiam
865 3780 907 3832 his
927 3778 1046 3831 omnibus
1065 3793 1177 3848 aequet
1192 3787 1220 3832 et
1238 3777 1316 3832 simili

224 3847 303 3898 modu
322 3861 428 3913 semper
446 3849 610 3902 insultabunt
627 3851 778 3903 nominibus
797 3851 918 3902 omuibus
937 3851 1072 3918 ineptiae,
1094 3859 1120 3902 et
1138 3865 1228 3902 secura
1246 3865 1315 3918 pug-

224 3917 298 3969 nabit
317 3918 479 3972 efficientiae
496 3935 610 3986 nomen,
632 3939 691 3973 eum
710 3921 777 3973 haee
801 3923 943 3974 seeundum
967 3931 994 3974 te
1019 3922 1127 3989 propria
1152 3922 1256 3976 dicatur
1273 3922 1314 3972 in-

226 3995 316 4064 creata
337 3991 471 4054 divinitas,
484 4000 593 4058 propter
612 3994 682 4060 quod
695 3994 762 4045 enirn
778 3994 902 4062 quodque
920 4009 1053 4062 aquaque
1071 3992 1183 4044 aliorum
1204 3994 1314 4044 omnium

224 4057 525 4128 relinquitur,'prepter
544 4064 570 4115 id
589 4064 650 4116 aliis
668 4064 789 4116 omnibus
808 4073 849 4117 est
867 4065 953 4117 minus
963 4065 996 4116 ab
1014 4066 1102 4132 iisque
1122 4063 1253 4128 alienum,
1273 4071 1314 4114 at·
1335 4087 1340 4094 ·

228 4147 280 4198 que
301 4147 379 4183 unum
400 4133 505 4184 omnino
532 4151 592 4187 esse
621 4136 943 4188 essentiam-coneeditur
969 4144 997 4188 et
1022 4143 1117 4187 natura
1136 4150 1229 4199 omne,
1248 4133 1313 4202 quod

226 4201 328 4270 dieitur
357 4212 383 4255 et
411 4212 522 4258 vocatur
548 4207 598 4258 den
616 4207 810 4259 convenienter
838 4223 853 4258 a
883 4207 961 4260 robis
985 4215 1011 4260 et
1040 4214 1080 4260 est
1101 4215 1128 4259 et
1149 4215 1205 4276 erat
1223 4214 1250 4259 et
1267 4204 1314 4256 erit
