2992 4916
197 409 420 480 nrsroarse
446 396 704 505 susurrata
719 413 870 479 mvn.
898 394 1085 481 32-36.
1146 399 1219 482 att

117 599 173 652 νος
195 569 251 640 οόν
274 573 313 640 ἀν
335 575 363 640 οἱ
385 579 522 642 τοιοῦτοι
543 577 707 664 φείσαιντο
729 575 806 640 καθ’
827 573 918 660 ήμῶν
941 579 1114 666 λοιδοριάς,
1135 578 1236 662 τίνοςι

119 679 148 742 δ’
173 673 212 740 ἀν
233 676 316 742 κατὰ
336 680 399 741 τῶν
431 679 519 762 ἐμῶν
542 673 734 758 ἀπόσχοιντο
764 677 898 760 βιβλίων
930 678 1165 761 ἀναισχυντίας,
1188 679 1223 743 οἳ

116 775 158 843 τά
180 779 312 842 τοιαῦτα
346 779 496 862 διρνεκῶς
529 775 610 842 κατά
627 781 690 842 τῶν
721 775 816 864 ἱερῶν
838 781 1013 862 τολμῶντες
1036 780 1219 846 ἁλίσκονται

117 879 271 965 γραφῶν,
306 875 359 943 ότι
379 876 571 960 μαχομένων
593 877 746 943 κάκείνων
778 879 820 965 τῇ
844 882 936 966 σφῶν
958 879 1081 965 αἱρέσει
1101 879 1218 967 πειρῶ·
1230 877 1248 931 f·
1259 877 1353 934 2531)-¹

92 990 221 1062 ομενοι.
243 978 300 1042 καί
320 975 384 1062 γάρ
407 977 572 1054 κάκείνους
593 972 659 1043 οἷον
682 981 782 1044 εἰπεῖν
804 971 865 1045 ἀπό
890 981 1008 1066 δίφρου
1026 983 1286 1067 τυραννικῶςθὸ

122 1079 320 1164 ἀμυνόμενοι
339 1076 397 1145 ’διά
416 1081 527 1155 ταῦτα,
551 1079 607 1143 καί
627 1076 671 1155 ῶς
691 1081 723 1142 ἐν
755 1079 941 1165 ἀθόρματος
961 1081 1042 1167 λόγῳ
1060 1084 1223 1166 τιθέμενοι

120 1178 162 1246 τά
186 1180 364 1262 σεβάσμια,
389 1180 507 1254 πάσαις
532 1177 665 1264 άναίδήν
685 1185 752 1242 κατ’
788 1179 892 1246 αὐτῶν
913 1181 1090 1266 ἐχρήσαντό
1112 1185 1224 1250 τεκαὶ

119 1283 267 1366 χρῶνται
289 1281 529 1364 βωμολοχίαις·
580 1281 635 1344 καί
658 1283 855 1357 διασπῶντες
883 1280 975 1346 ἔνθεν
996 1283 1145 1347 κάκεῖθεν
1167 1283 1222 1348 οὐ-

124 1384 179 1448 δὲν
203 1377 332 1464 ἄμεινον
356 1382 552 1446 διατίθενται
573 1377 593 1464 ἢ
615 1379 723 1467 ῶσπερ
744 1381 801 1456 τάς
819 1382 944 1464 βάκχας
967 1383 1121 1466 ἀκούομεν
1142 1385 1223 1448 κατά

77 1485 179 1548 sorori
200 1484 359 1557 Πενθέως
379 1481 544 1564 μανείσας.
589 1481 656 1544 ἀλλ’
693 1484 827 1558 ἐκείναις
855 1484 913 1566 μὲν
936 1483 1083 1548 άκοόσιον
1105 1507 1222 1548 πεπον-

121 1585 236 1659 θοίαις
254 1581 311 1668 τήν
331 1585 386 1668 τῆς
408 1584 526 1665 μανιάς
550 1584 711 1666 αισχόνήν,
734 1608 787 1648 και
810 1581 845 1648 τό
869 1583 1064 1669 ἀνεγκλήτως
1085 1579 1170 1651 εἶναι
1188 1608 1222 1650 τε

121 1711 177 1751 και
204 1683 271 1768 ἅμα
285 1683 390 1748 οἴκτου
405 1687 582 1780 τυγχάνειν
596 1682 817 1760 ι’σωςκατόιτιν
840 1683 1020 1762 ἀκολουθεῖ,
1042 1689 1098 1750 τοῦ
1122 1686 1220 1768 ἀβου

122 1787 219 1870 λήτου
245 1783 325 1870 πρὸς
349 1777 444 1848 ἑαυτό
467 1809 502 1870 γε
524 1785 736 1870 ἑφελκομένοο
767 1782 807 1850 τά
828 1789 889 1851 τῶν
912 1785 1185 1868 ἀποβαινόντων
1170 1811 1221 1871 εγ-

121 1889 284 1971 κλήματα·
339 1885 459 1960 τοάτοις
492 1879 563 1950 ‹i’‘
552 1887 712 1961 εκοοσιοις
737 1883 904 1971 δρῶσιν“
883 1915 903 1949 α
933 1895 998 1963 τοῖς
1019 1885 1223 1970 μαινομένοις

77 2007 110 2058 15
124 1985 293 2072 ἁρμόττει,
314 1984 446 2050 κόλασιν
478 1984 646 2069 ἀνήκεστον
674 1989 853 2056 ἐκκαλεῖται
886 1989 941 2050 καί
971 1987 1100 2074 σφόδρα
1130 1988 1221 2073 περί-
1291 1991 1294 2000 '

120 2092 268 2174 βλεατον.
333 2085 487 2150 κάκείνων
520 2085 579 2166 μὲν
608 2086 664 2150 καί
690 2085 778 2167 μάλα
807 2081 927 2162 ἑκόντες
960 2086 1223 2150 ἐπιλανθάνονται
1234 2097 1289 2148 86

124 2187 303 2273 ἀνθρωττοι,
323 2187 485 2271 μηδεμίαν
508 2186 632 2262 οόδένες
655 2188 778 2250 ἐκεῖθεν
803 2186 998 2271 ἀτέκμαρτον
1019 2184 1223 2272 ὑφορώμενοι

121 2291 263 2372 βλάβην·
315 2287 434 2352 τούτων
472 2288 506 2352 δὲ
530 2288 585 2351 καί
607 2289 694 2368 μάλα
726 2283 851 2362 ἄκοντες
871 2289 1057 2371 μεμνῆσθαι
1078 2284 1144 2369 άμα
1167 2285 1223 2351 καί

123 2396 233 2472 μισεῖν
263 2386 290 2452 οἱ
321 2389 450 2464 πλείους
484 2387 729 2473 ἀναγκάζονται,
761 2385 814 2452 τόν
841 2387 968 2452 ἐκείνων
991 2387 1223 2474 φυλαττόμενοι
1263 2385 1265 2390 ’

76 2507 114 2561 20
125 2492 273 2570 κίνδυνον
295 2489 351 2554 καί
365 2490 441 2572 πρίν
462 2489 544 2554 ἰέναι
566 2489 880 2574 αροαναστέλλοντες.
924 2489 981 2553 καί
997 2487 1058 2575 γάρ
1082 2487 1162 2553 αὐτὰ
1184 2487 1223 2574 δή

123 2593 226 2654 ταῦτα
258 2589 315 2654 καί
348 2588 429 2654 κατά
455 2593 516 2655 τῶν
548 2591 632 2671 ἐμῶν
663 2588 796 2675 ἔναγχος
825 2591 873 2654 ἐπ’
904 2589 1223 2676 αὖτοφῶριγήβιβλων

125 2683 274 2754 ἑάλωσαν
307 2689 608 2776 ἐμπεπαρρνηκότες
627 2688 655 2754 οἱ
680 2689 838 2767 ἀναιδεῖς,
859 2688 894 2754 τό
916 2691 975 2773 μὲν
997 2684 1033 2754 εό
1054 2689 1222 2776 προσθήκῃ

127 2966 233 3020 nullum
253 2975 342 3019 tamen
365 2967 493 3034 pudorem
522 2966 636 3019 babent:
657 2968 703 3021 sed
734 2967 878 3020 insolentia
896 2969 992 3036 genuit
1008 2966 1179 3021 inscientiam
1199 2975 1226 3021 et

127 3040 252 3106 impietas
270 3039 423 3106 graviorem
441 3039 613 3124 impietatem.
657 3040 793 3106 depudens
823 3040 892 3090 enim
911 3054 959 3090 eos
982 3038 1048 3091 baec
1070 3041 1134 3090 dicit
1154 3040 1225 3092 scri·

128 3118 222 3178 ptura:
245 3109 357 3168 „oculus
378 3111 526 3163 meretricis
546 3118 602 3162 crat
620 3110 694 3164 obis
733 3125 785 3178 quo
813 3111 896 3178 igitur
921 3111 1045 3162 convicio
1071 3111 1098 3160 in
1115 3103 1225 3161 nosis'ti

128 3145 252 3234 homines
270 3196 324 3233 nou
343 3189 465 3246 utantur3
490 3196 542 3249 qua
566 3189 652 3232 autem
675 3182 837 3248 impudentia
858 3190 950 3232 contra
975 3181 1057 3232 libros
1083 3195 1156 3232 meos
1173 3179 1224 3231 ab..

127 3252 267 3306 stineent?
303 3269 382 3321 quum
402 3254 466 3305 talia
485 3253 610 3304 continuo
631 3260 721 3304 eontra
741 3261 848 3304 sanctos
866 3251 949 3304 libros
963 3252 1050 3304 moliri
1070 3250 1224 3319 deprehen.

128 3325 234 3389 dautur,
255 3333 281 3376 ct
302 3326 380 3377 ctiam
399 3339 446 3376 eos
465 3333 557 3376 contra
576 3326 692 3408 ipsorum
714 3323 837 3376 haeresin
866 3332 1015 3390 pugnantes
1038 3325 1224 3390 experiuntur:

130 3404 157 3448 et
175 3405 268 3448 contra
290 3411 336 3448 ens
355 3404 384 3447 ut
401 3398 437 3448 ita
456 3398 541 3448 dicam
567 3396 705 3461 tyrannice
725 3395 758 3446 de
785 3394 854 3448 sella
880 3395 1004 3446 dimicant
1026 3401 1178 3462 propterea,
1199 3401 1226 3445 et

129 3467 206 3535 qnasi
225 3467 326 3518 ludicra
345 3469 515 3520 aestimantes
533 3467 690 3532 reverendo,
709 3467 912 3547 quibuscunque
927 3467 1068 3518 columniis
1084 3466 1225 3532 impuden-

128 3547 172 3589 ter
191 3545 283 3589 contra
302 3553 349 3590 eos
368 3547 395 3590 et
415 3540 456 3591 usi
480 3547 542 3593 sunt
561 3547 588 3592 et
605 3548 722 3592 utuntur.
768 3547 794 3591 et
822 3539 1004 3605 discerpentes
1024 3538 1076 3589 huo
1095 3537 1163 3588 illue
1179 3537 1225 3587 ni.

130 3608 189 3662 bilo
209 3609 304 3661 melius
323 3611 470 3674 destruunt,
491 3627 567 3677 quarn
587 3611 703 3663 Bacchas
723 3611 867 3677 accipimus
886 3611 913 3662 in
928 3609 1073 3662 Pentheum
1095 3609 1224 3660 furentes.

129 3689 308 3732 veruntamen
335 3680 381 3733 bas
401 3683 516 3749 quidem,
537 3682 654 3734 iurore
647 3684 711 3749 ipsis
734 3683 824 3734 invitis
836 3681 959 3748 probrum
978 3682 1093 3743 ferente,
1113 3673 1226 3730 fortasse

129 3754 252 3818 sequitur
272 3753 409 3804 excusatio
439 3762 465 3805 et
482 3753 683 3817 misericordia,
703 3769 798 3819 quum,
818 3753 888 3820 quod
905 3767 959 3804 nou
979 3752 1116 3804 voluerint
1135 3765 1226 3801 secum

128 3824 224 3876 tulerit
243 3825 440 3876 commissorum
459 3825 668 3875 incusationem:
694 3823 750 3875 illis
769 3838 834 3874 vcro
854 3822 925 3874 ultro
944 3840 976 3876 ea
995 3821 1135 3889 egentibus
1157 3835 1226 3888 quaa

129 3895 296 3946 conveniunt
315 3895 474 3959 furentibus,
494 3897 632 3962 castigatio
647 3893 758 3948 debetur
776 3893 952 3960 implacabilis
964 3903 992 3945 et
1010 3893 1089 3946 vaide
1109 3893 1226 3944 circum.

129 3972 231 4031 specto.
269 3965 376 4017 iliarum
397 3969 474 4018 ctiam
493 3965 668 4016 libentissime
682 3965 876 4017 obliviscuntur
892 3964 1023 4030 hominos,
1042 3981 1130 4032 neque
1150 3965 1225 4031 quis.

129 4053 208 4104 qnam
229 4035 306 4089 illinc
326 4037 456 4089 infinitum
481 4037 600 4088 damnum
624 4035 818 4102 subintelligit:
849 4036 898 4086 bos
921 4045 1009 4089 autem
1029 4043 1056 4088 et
1073 4036 1226 4086 meminisse

129 4116 158 4158 et
181 4107 270 4160 odisse
289 4107 396 4175 plurimi
414 4111 459 4160 vel
480 4109 593 4159 maxime
610 4108 689 4160 inviti
717 4115 868 4174 coguntur,
860 4124 867 4137 ·
879 4118 881 4122 ·
892 4106 996 4160 illarum
1014 4104 1174 4188 periculum
1180 4106 1226 4156 vi.

129 4186 218 4231 tentes
239 4187 266 4230 et
284 4188 486 4246 compescentes
498 4180 649 4246 priusquam
669 4179 805 4230 obveniat
842 4194 902 4230 uam
917 4179 1046 4232 eiusmodi
1064 4192 1149 4242 nuper
1167 4175 1227 4241 ipsa

128 4252 158 4302 in
180 4266 210 4301 re
229 4249 390 4317 deprehensi
408 4259 470 4304 sunt
498 4251 663 4340 impudentes
682 4250 725 4301 isti
743 4252 771 4301 iu
790 4251 889 4317 scripta
915 4266 973 4301 mea
992 4259 1114 4316 tanquam
1135 4247 1235 4303 ebrie..

128 4334 185 4384 sats
205 4323 385 4380 insanientem
405 4317 566 4382 verbumst}
584 4323 689 4375 adiecta
707 4342 730 4396 φ
749 4321 896 4376 litterula'
889 4336 917 4373 in
938 4321 995 4395 φεῦ
1014 4325 1228 4387 sentententia
