2992 4916
201 337 424 406 nassoaran
443 339 703 406 emanante
727 343 878 408 xxxma.
899 326 1086 413 ee-te,
1147 337 1218 412 σοι

114 503 204 590 μικρῖ
227 501 319 588 τάφῳ
350 503 407 567 καὶ
437 501 581 588 ύνείρους
610 504 815 591 ἐπιφημίζειν
843 506 1033 592 τερατώδεις
1053 506 1141 584 τινάς
1163 507 1220 574 καί

119 605 192 670 λίαν
214 605 266 690 ἐφ’
290 596 338 680 οἷς
360 605 549 688 ἐμισθοῦντο
573 605 776 684 συνόδοντας.
800 604 822 672 ά
844 611 873 674 δ’
896 609 924 674 οἱ
947 611 1069 675 ἐκεῖθεν
1092 609 1217 686 εέςΒυ-

120 706 244 786 ζάντιον
279 704 503 790 ἀφικνούμενοι
531 707 725 791 συχνότερον
761 703 873 794 ἀνδρες
907 707 1010 776 ἄλλοτ’
1035 707 1125 775 ἄλλοι
1148 715 1218 798 διη-

118 811 248 904 γούντοζ
279 807 334 871 καί
364 805 433 891 άμα
462 807 501 872 τά
527 801 647 892 ἐτέρους
673 809 766 893 ἕτερα
803 814 865 875 τάν
894 814 1108 898 γραμμάτων,
1136 789 1341 899 iacet-2691)-

35 949 41 960 .
93 907 238 972 οτοιάδε.
290 906 371 990 μετά
396 905 457 993 γάρ
487 906 521 972 τό
551 908 657 998 λάθρᾳ
684 914 746 974 τῶν
767 909 950 997 ἡμετέρων,
980 916 1096 1000 φασίν,
1134 915 1283 991 ἐνίαςίῑ

120 1005 302 1094 ὑφελέσθαι
323 1011 455 1091 βίβλους
481 1009 510 1074 οἱ
531 1012 565 1074 ἐν
576 1012 745 1097 Βυζαντίῳ
767 1015 823 1096 τῆς
846 1015 1008 1099 φάλαγγος
1031 1011 1116 1092 ὄντες
1137 1017 1219 1082 ἐκεί-

119 1132 195 1188 νου,
219 1110 290 1175 ἐπεὶ
314 1109 359 1193 μὴ
382 1109 529 1175 ἐδύναντο
558 1111 736 1200 ἀντιλέγειν,
761 1110 805 1189 τός
829 1111 961 1199 εἴρηται,
984 1113 1067 1200 πρός·
1083 1113 1139 1200 τὴν
1160 1142 1219 1181 συ-
1292 1100 1296 1107 ¹

119 1211 208 1295 κίνην
242 1211 429 1297 ἐπικουρίαν
461 1211 493 1290 ἐξ
519 1211 655 1298 ἀνάγκης
686 1211 741 1278 τόν
774 1203 920 1300 δεύτερον
943 1214 1084 1297 ἔβλεψαν
1112 1209 1219 1296 πλοῦν,

119 1315 176 1379 καί
204 1316 250 1400 τῷ
275 1316 424 1402 Παλαμᾷ
452 1315 483 1390 ἐς
507 1314 741 1400 Θεσσαλονίκην
771 1311 852 1379 αύτά
887 1316 1147 1403 ἐπεπόμφεισαν,
1175 1320 1221 1396 εἰς
1283 1351 1286 1358 ·

77 1427 110 1481 te
121 1416 242 1500 ἀμύνης
260 1415 379 1497 τόλμαν
402 1413 498 1478 αύτδν
530 1416 742 1501 ἐρεθίζοντες,
772 1418 983 1502 παραπλήσια
1016 1421 1150 1503 δρῶντες
1173 1412 1219 1496 οἷς

119 1516 240 1601 ἀκατίῳ
279 1519 402 1600 βραχεῖ
433 1516 572 1602 μεγάλης
602 1514 737 1593 ὁλκάδος
773 1517 1012 1603 ἐπισωρεύσασι
1047 1520 1165 1604 φόρτον
1186 1521 1218 1596 ἐς

118 1615 341 1702 ὑποβρυχίους
373 1615 539 1699 πυθμένας
565 1605 674 1681 εόθεῖάΙ
695 1615 790 1694 εύθδς
809 1616 970 1703 ἐξεγένετο.
1022 1621 1063 1706 τῇ
1086 1616 1147 1704 γάρ
1171 1621 1217 1682 εἰ·-

117 1717 256 1804 θισμένη
286 1721 342 1804 τῆς
367 1717 492 1804 γνάμης
524 1723 689 1810 φιλοδοξίᾳ
715 1721 771 1786 καί
791 1722 845 1785 νῦν
879 1717 896 1784 δ
920 1723 1087 1803 Παλαμάς
1106 1719 1140 1786 τδ
1162 1724 1218 1806 τῆς

117 1817 255 1904 γλώττης
273 1818 486 1905 χαριζόμενος
507 1822 807 1907 βλασφημούμενον,
829 1822 885 1886 καί
910 1820 977 1904 ἅμα
1000 1821 1149 1908 γλυκείας
1168 1846 1218 1886 τι-

76 1931 107 1984 15
117 1917 172 1997 νὸς
197 1918 387 2006 παραγεύων
404 1921 544 1998 ,ἐλπίδος
576 1915 623 1998 οἷς
656 1922 710 1987 τόν
740 1922 928 2008 αἱρεσιάτην
957 1925 1057 2008 δῆμον
1079 1925 1221 2008 πληροῦν

117 2023 290 2104 τηνικαῦτα
312 2021 515 2100 ξυνέπιπτεν,
539 2017 602 2086 ori?
623 2023 842 2109 ἀπηγόρευσεν
863 2019 927 2086 οὔτ’
952 2023 1128 2106 ἀνεβάλετο,
1152 2023 1219 2086 ἀλλ’

119 2121 165 2196 εἰς
185 2124 299 2203 μεῖζον
318 2125 436 2208 μακρῷ
457 2126 511 2208 τῆς
534 2125 693 2210 σφετέρας
723 2121 888 2206 δυνάμεως
917 2120 1120 2208 ἐμβεβληκώς
1142 2115 1220 2188 ἐαυ-

117 2219 174 2286 τόν
199 2222 362 2305 ἀγάνιομα
385 2223 525 2287 πέπονθε
545 2227 685 2309 κατάρας
707 2221 779 2302 ἀξια
801 2227 938 2309 μακράς,
958 2223 1014 2288 καί
1035 2221 1097 2288 ὅσα
1120 2222 1222 2307 λέγειν

118 2321 211 2406 ἡμεῖς
234 2321 415 2404 αἰδούμεθα
433 2322 577 2409 τήμερον,
598 2325 643 2409 μή
660 2347 707 2400 τις
729 2322 812 2407 ἡμᾶς
833 2327 879 2409 τῷ
900 2323 1070 2389 πεπονθότι
1089 2325 1219 2408 χαίρειν
1305 2400 1306 2403 ¹

72 2420 344 2501 λδύποπτεύσειε,
377 2425 436 2488 τοῦ
456 2421 557 2510 ἤθους
581 2424 672 2510 ἡμῶν
693 2423 873 2500 ύποῖόςτις
897 2420 935 2488 ἀν
959 2422 1007 2509 εἴη
1029 2423 1128 2510 πάντη
1152 2425 1218 2488 rite«,

119 2521 242 2608 στηκοδς
263 2526 320 2588 καί
340 2527 627 2609 καταψευδόμενος.
681 2529 727 2610 τῷ
746 2525 815 2612 γὰρ’
833 2525 928 2610 ἀγοῖνι
947 2527 1064 2591 τουτουὶ
1087 2523 1284 2610 συνδιηζη

119 2624 266 2710 μερεύων
288 2626 343 2691 καί
364 2625 477 2704 νύκτας
503 2624 579 2704 δ’λας
616 2626 795 2714 ἀγρύπνους
830 2630 1001 2706 διατελῶν,
1035 2625 1078 2704 τάς
1108 2626 1217 2714 φασίν,
1278 2673 1286 2690 »

122 2963 226 3018 somnia
255 2962 384 3032 evulgare
405 2961 565 3016 miraculosa
594 2963 702 3016 attalia
720 2977 834 3027 canere,
859 2977 955 3032 magna
974 2959 1099 3013 mercede
1116 2961 1220 3012 condu-

123 3043 191 3087 ctos.
229 3050 297 3103 qnae
324 3049 389 3086 vero
417 3035 479 3086 inde
499 3033 655 3100 Byzantium
681 3036 825 3102 migrantes
845 3036 897 3086 viri
925 3040 1064 3086 narrarunt
1084 3031 1162 3083 nobis
1180 3033 1221 3084 si.

123 3105 233 3173 mulque
260 3105 330 3157 aliae
357 3105 463 3157 litterae
486 3115 561 3157 erant
580 3106 698 3158 haecce:
726 3114 874 3174 postquam,
895 3114 923 3157 nt
943 3103 1080 3166 referunt,
1100 3105 1144 3171 qni
1166 3101 1222 3168 ay.

124 3179 206 3231 santii
225 3177 276 3228 ista
295 3178 321 3228 in
334 3175 446 3228 cohorte
466 3179 555 3240 erant,
583 3176 649 3228 clam
671 3177 777 3245 singula
804 3178 931 3244 quaedam
958 3175 1100 3242 ascriptis
1121 3175 1221 3224 nostris

123 3249 244 3303 suffurati
265 3255 355 3312 erant,
377 3263 456 3315 quum
479 3249 635 3317 impugnare
655 3264 707 3300 non
728 3247 867 3312 vaierent,
884 3257 914 3299 nt
931 3247 1028 3298 dictum
1048 3253 1106 3308 est,
1126 3245 1158 3295 ad
1174 3245 1222 3295 in·

123 3318 240 3372 validum
251 3319 378 3371 auxilinm
389 3321 551 3371 necessitate
561 3320 648 3372 coacti
658 3329 686 3370 nt
696 3321 963 3371 secundumwentam
977 3315 1172 3383 respectabant,
1195 3321 1223 3366 et

123 3389 247 3444 Paiamae
257 3389 471 3442 Thessalonicam
483 3407 513 3442 ea
523 3393 651 3444 miserunt
667 3392 808 3442 incitantes
821 3407 878 3442 eum
892 3391 922 3442 ad
938 3391 1071 3441 audaciam
1083 3387 1222 3440 defensio.

123 3465 176 3526 nis,
196 3463 248 3528 ipsi
267 3461 364 3513 similia
378 3463 508 3514 iacientes
519 3463 562 3527 iis,
582 3465 627 3532 qui
641 3465 739 3533 exigno
758 3464 785 3513 in
805 3461 930 3514 navienlo
942 3469 1054 3530 magnae
1064 3460 1141 3511 navis
1154 3471 1220 3509 onus

123 3532 294 3586 accumulare
309 3535 409 3597 conati,
422 3535 447 3584 id
461 3535 487 3585 in
507 3535 664 3602 protundum
682 3535 730 3586 aab
748 3549 816 3602 aqua
837 3534 977 3586 demittere
997 3533 1092 3583 deinde
1111 3536 1223 3597 repente

125 3613 267 3672 coguntur.
288 3613 414 3656 consueta
429 3607 511 3674 igitar
526 3608 620 3658 mentis
635 3606 779 3657 ambitione
796 3607 918 3658 inductus
935 3605 1013 3655 etiam
1031 3612 1093 3655 tunc
1104 3601 1222 3666 Palamas

129 3676 240 3744 linguae
260 3676 450 3744 malignitatem
471 3679 606 3741 exercuit,
625 3678 757 3745 simulque
778 3676 881 3727 dulcem
900 3670 1027 3742 quandam
1047 3688 1120 3739 spem
1142 3686 1222 3738 prae-

123 3747 211 3799 libans
243 3747 339 3814 quibus
360 3747 554 3799 haeretieorum
574 3756 672 3799 sectam
701 3747 830 3814 compleri
855 3761 887 3796 eo
906 3753 1025 3812 tempore
1044 3743 1150 3807 accidit,
1170 3757 1222 3793 ne.

124 3835 178 3887 qne
203 3818 355 3885 repudiavit
378 3835 467 3887 neque
486 3826 623 3870 cunctatus
657 3826 707 3869 est.
749 3818 845 3869 sedin
872 3815 954 3867 multo
974 3815 1057 3866 mains
1077 3829 1153 3882 quam
1173 3828 1221 3881 pro

124 3891 227 3943 viribus
238 3890 293 3943 suis
312 3897 445 3940 certamen
457 3907 487 3942 se
499 3891 642 3941 immittens
656 3904 748 3956 passus
768 3896 809 3941 est
824 3902 919 3956 magna
938 3887 1123 3939 exsecratione
1142 3887 1222 3953 digna

125 3968 153 4014 et
171 3969 268 4028 quanta
295 3961 385 4013 dicere
410 3961 559 4013 noshodie
589 3962 687 4027 pudet,
706 3976 740 4011 ne
760 3961 819 4028 qais
839 3974 889 4010 nos
915 3971 947 4010 eo
968 3959 1085 4026 patiente
1104 3958 1221 4026 gaudere

124 4033 286 4099 suspicetur,
306 4032 475 4101 quiquidem
499 4033 532 4083 ab
552 4031 643 4084 indole
660 4039 752 4083 nostra
771 4046 879 4102 prorsus
905 4030 1043 4081 dissentiat
1060 4045 1091 4080 ae
1111 4027 1222 4079 mandax

123 4105 176 4157 sit:
197 4102 265 4154 olam
275 4105 344 4154 enim
355 4105 382 4154 in
401 4118 432 4155 eo
447 4105 590 4156 certamine
606 4111 678 4156 totos
692 4101 749 4154 dies
767 4112 888 4156 versatus
899 4109 941 4153 est
959 4109 986 4154 et
1004 4108 1072 4152 totas
1082 4105 1175 4151 noctes
1194 4097 1202 4146 i

124 4189 233 4228 somnes
254 4176 310 4240 egit
328 4176 480 4244 priusquam
498 4175 599 4243 aliquid
618 4191 652 4226 ex
673 4175 766 4226 studiis
787 4176 843 4228 suis
863 4175 1016 4240 proficeret,
1037 4171 1130 4223 mentis
1150 4167 1221 4221 deli·

124 4247 167 4298 rio
186 4252 267 4314 atque
286 4246 436 4300 insaniant
454 4247 550 4305 dieitur
569 4251 707 4315 correntes
724 4254 834 4315 propter
852 4247 959 4298 nimiam
978 4245 1126 4300 siceitatem
1144 4253 1223 4294 cero.
