2992 4916
294 299 368 374 552
594 303 819 374 Ntcsseflom
846 305 1076 376 GREGORAE

293 469 406 548 ἔλαθε,
442 469 518 555 πρίν
547 467 653 534 ὁτιοῦν
681 468 864 534 ἀπόνασθαι
883 473 938 552 τῆς
969 472 1129 554 σπουδῆς,
1159 471 1314 556 φρενίτιδι
1332 470 1379 536 καί

292 575 394 664 μανίᾳ
415 574 557 654 κάτοχος,
582 570 624 648 οἷς
638 569 769 659 εἴρηται,
791 569 925 658 γεγονολς
947 571 1001 637 διό
1021 571 1192 656 ξηρότητος
1214 568 1378 654 όπτρβολὴν

293 678 481 763 ἐγκεφάλου.
523 674 579 738 καὶ
600 671 640 737 τό
662 667 733 756 ἑξῆς
755 676 909 757 λεγόντων
937 671 1018 756 όμοῦ
1038 675 1095 738 καί
1115 671 1301 758 γραφόντων
1320 666 1377 734 ἑτέ-

294 801 360 864 ρων
380 777 465 842 ἔστιν
486 774 620 838 όκοόειν.
664 773 700 837 οό
720 769 782 858 γόρ
805 773 1008 854 όνειόιζοντες
1027 774 1218 858 μεμνήμεθα
1240 775 1301 836 τῶν
1320 797 1377 836 τοι-

293 861 1397 964 ώωψωωλψηὼὼπψώωωὴώω

291 970 1375 1066 &mmfflmmmmstkfflmfflmmwwm

293 1079 376 1146 όλλό
395 1083 457 1144 τῶν
478 1082 533 1164 τῆς
559 1078 703 1165 ἱστορίας
724 1079 911 1165 ἐγκειμένων
932 1086 1076 1161 νομίμων
1095 1076 1150 1141 καί
1171 1080 1249 1140 καθ’
1271 1077 1375 1141 ἕκαστα

293 1180 466 1266 ζητούντων
490 1177 632 1255 ἅπαντα,
661 1180 798 1264 μετρίως
832 1177 923 1262 ἡμεῖς
956 1179 1011 1242 καί
1037 1181 1101 1242 τῶν
1121 1176 1269 1242 τοιούτων
1291 1171 1375 1238 όπτό·

222 1273 1373 1366 4ηὼόψώψῶψΜΜψπωὼωΜ

289 1384 397 1468 ἐκείνῳ
414 1382 475 1467 ,τὴν
497 1381 603 1447 αἰτίαν
621 1381 735 1467 σαφῶς
756 1383 802 1466 τῷ
816 1382 945 1463 δαίμονι
966 1381 1246 1466 παραπέμπουσιν,
1271 1368 1297 1466 ᾧ
1315 1402 1372 1440 πω-
1382 1385 1407 1440 10

288 1486 378 1570 νηρρλ
399 1483 552 1568 γενομένην
578 1478 632 1546 διὰ
652 1483 837 1567 βουλήσεως
858 1483 1044 1568 μοχθηρίαν
1059 1481 1207 1566 καθάπερ
1229 1506 1275 1556 τις
1295 1482 1372 1566 ἐφεῖ-

287 1609 342 1648 ται
363 1586 481 1669 κλῆρος
502 1583 621 1659 όίόιος,
643 1585 706 1646 τῶν
734 1582 837 1647 ἄλλοτ’
862 1580 965 1658 ἄλλως
995 1580 1165 1668 φυομένων
1187 1604 1220 1644 τε
1241 1581 1295 1646 καί
1312 1581 1370 1644 έπι-

289 1681 1371 1772 mmfflmmfifflwfflmmmfflwwfflmwffl

287 1783 444 1868 ἡγεῖσθαί
460 1806 494 1848 τε
514 1781 671 1867 αἱρέσεων
699 1785 754 1849 καί
789 1784 892 1849 πάντα
915 1786 996 1867 όρᾶν
1025 1781 1065 1846 τὰ
1081 1783 1292 1864 χαλεπώτατα
1311 1786 1368 1846 καί

288 1882 1401 1970 έωώκωῷωψῇωᾶμώήὼωὴωωῶω

215 2011 225 2019 ·
284 1982 401 2070 μερόν,
431 1983 487 2049 καί
516 1985 602 2048 ταῦτ’
634 1985 773 2061 ἐκείνους
811 1985 844 2048 oi*
869 1982 925 2068 την
954 1988 1010 2069 τῆς
1035 1985 1184 2071 λατρείας
1214 1981 1368 2069 Ιἡγεμονίαν

284 2090 391 2175 ἐκείνῳ
413 2113 446 2153 τε
465 2087 681 2166 έκόεόιόκασι,
713 2088 768 2154 καί
792 2086 875 2166 όπας
908 2087 1020 2165 αὐτούς
1040 2088 1096 2154 καί
1124 2089 1195 2170 βίος
1215 2087 1270 2151 καί
1291 2082 1367 2167 λόγος

284 2189 340 2254 καί
362 2194 478 2275 πρᾶξις
507 2194 564 2255 τοῦ
584 2193 647 2254 τῶν
669 2188 854 2275 όρθοόόξων
885 2188 985 2252 πόλοι
1008 2187 1163 2274 όιέγροφέ
1184 2211 1217 2252 τε
1251 2187 1303 2252 καί
1320 2207 1367 2248 πε-

285 2295 386 2374 ριεῖλε
403 2292 524 2377 χοροῦ,
556 2288 676 2374 ἵναμὴ
706 2288 835 2367 όπόσοις
864 2290 944 2375 λέγω
977 2289 1031 2354 καί
1051 2285 1107 2374 ὑφ’
1130 2285 1215 2354 όσων
1235 2290 1294 2352 τῶν
1314 2311 1366 2349 πα-

284 2392 449 2474 τριαρχοῖν
478 2414 512 2454 τε
549 2391 604 2455 καί
635 2389 818 2456 ἐπισκόπων
857 2389 1017 2477 φυομένης
1044 2385 1106 2474 ἤδη
1137 2392 1192 2472 τῆς
1230 2387 1403 2474 αἱρέσεωςλλ
1476 2387 1477 2408 ’

285 2486 489 2572 ιίναθέμαστν
510 2490 697 2573 ἐμπεσόντες
717 2494 764 2577 τῷ
787 2491 903 2576 αἰωνίῳ
933 2491 1014 2575 πυρί
1034 2488 1320 2575 παρεπέμφθησαν.

217 2605 272 2657 4⁵
1283 2609 1369 2654 εκεινο

161 2692 274 2752 ima.
283 2689 533 2776 ἐπαναλήψομαι
550 2695 614 2756 νῦν.
637 2691 665 2757 οἱ
686 2691 747 2779 γὰρ
768 2690 803 2758 τό
815 2695 846 2758 Γ
846 2692 1052 2774 αλατιόνυμον
1071 2691 1196 2773 ἔχοντες
1209 2689 1369 2779 φρούριον,

352 2868 396 2919 22.
417 2868 491 2936 Quae
510 2868 573 2922 hiuc
592 2877 748 2939 aequantur,
768 2885 853 2940 usqua
874 2872 906 2922 ad
924 2871 1002 2922 finem
1022 2868 1100 2920 huius
1120 2869 1230 2934 codicia,
1248 2883 1300 2920 nun
1317 2872 1371 2919 aaut

353 2937 431 2991 huiur
450 2940 504 2992 loci
524 2942 571 2994 aed
589 2949 652 2994 aute
669 2943 773 2993 initium
789 2942 851 2994 iibri
872 2942 906 2994 37
917 2940 1010 3011 1362)
1031 2939 1160 2992 collocari
1181 2939 1287 2994 debent.
1304 2939 1363 2991 iias.

279 3104 336 3158 bri:
358 3112 385 3156 et
403 3106 543 3174 sequeutia
562 3106 595 3158 ab
614 3106 674 3158 aliia
691 3107 839 3177 dicentibus
859 3107 936 3160 simui
957 3115 983 3159 et
991 3105 1168 3159 scribentibus
1189 3107 1280 3158 audire
1298 3105 1370 3156 iicetr

279 3178 454 3244 nequeenim
482 3186 508 3228 et
527 3187 696 3230 accusatores
722 3178 785 3230 talia
815 3194 864 3231 uua
889 3194 960 3230 nunc
979 3179 1161 3230 meminimus:
1193 3179 1290 3229 ecimus
1308 3178 1369 3230 euim

278 3247 355 3304 maiia
374 3247 451 3300 simui
473 3249 595 3300 ethonis
616 3251 673 3316 pari
693 3250 770 3300 modo
791 3250 853 3302 talia
873 3251 1013 3301 immittere
1026 3250 1158 3303 dominum
1174 3249 1290 3312 iudiciis,
1310 3263 1371 3316 qure

277 3317 354 3369 novit
374 3318 458 3370 solua.
495 3320 542 3372 seri
570 3321 654 3371 exiis
674 3336 741 3389 quae
761 3330 821 3373 sunt
847 3322 873 3373 iu
894 3321 1005 3372 historia
1024 3321 1093 3371 iuata
1119 3329 1145 3372 et
1165 3320 1271 3388 singula
1290 3321 1370 3371 omnia

279 3395 419 3455 quaerunt,
440 3396 467 3440 et
485 3405 534 3440 rma
554 3392 632 3442 etiam
660 3393 764 3444 modice
787 3409 818 3444 ea
843 3393 1012 3458 attingimus,
1039 3407 1106 3460 quae
1126 3391 1234 3458 longuis
1252 3393 1370 3460 persequi

277 3457 325 3510 alii
344 3460 451 3510 minime
471 3469 645 3512 cunctantur:
672 3465 718 3515 aed
738 3472 829 3530 apertu
851 3465 875 3515 ei
896 3464 1018 3514 daemoni
1044 3461 1146 3528 cuipam
1166 3463 1311 3527 ascribunt,
1333 3462 1370 3514 eui

276 3528 347 3580 maio
377 3529 447 3580 iacto
473 3546 522 3597 per
547 3531 692 3584 voluntaria
718 3536 864 3604 nequitiem
892 3534 966 3601 quasi
986 3548 1044 3584 sora
1072 3534 1198 3600 quaedam
1220 3533 1316 3585 tributa
1335 3544 1371 3584 eat

275 3601 443 3670 peruiciosa,
468 3603 615 3670 principem
642 3620 700 3656 ease
719 3606 870 3658 haeresium
896 3605 939 3655 hic
960 3603 1018 3655 illic
1043 3613 1135 3656 contra
1163 3606 1206 3658 dei
1234 3604 1370 3656 ecclesiam

275 3673 439 3724 uescentium
471 3689 502 3725 ac
526 3677 721 3727 renascentium
741 3686 768 3729 et
796 3678 910 3744 pessima
929 3691 1050 3743 quaeque
1084 3676 1173 3728 iacere
1202 3691 1251 3742 pro
1274 3676 1369 3727 viribus

275 3744 344 3805 auia,
365 3743 497 3813 simulque
523 3755 626 3798 certare
646 3749 772 3798 contiuuo
799 3756 891 3800 contra
921 3749 1193 3814 repraesentationem
1213 3756 1369 3798 sanctorum.

275 3821 354 3881 atqua
383 3813 449 3865 haee
480 3817 585 3885 quidem
615 3816 677 3868 illoa
698 3820 742 3886 qui
770 3820 856 3871 cuitus
883 3820 1020 3886 imperium
1046 3819 1071 3868 ei
1099 3819 1265 3870 tradiderunt
1294 3827 1369 3886 atque

276 3884 361 3935 omnia
391 3893 417 3936 et
445 3887 501 3938 vita
525 3897 552 3939 et
575 3889 671 3956 agendi
701 3891 768 3941 ratio
797 3891 829 3942 ab
851 3889 1007 3942 orthodoxis
1032 3890 1186 3940 discernunt
1210 3897 1271 3940 eta
1291 3890 1368 3940 chore

273 3962 434 4022 segregant:
453 3973 487 4009 ue
506 3958 592 4010 dicam
610 3974 626 4013 a
648 3968 713 4028 quot
731 3962 781 4011 iam
801 3970 828 4013 et
847 3961 1005 4028 patriarchia
1025 3967 1052 4012 et
1071 3961 1206 4027 episcopia
1217 3975 1297 4028 quum
1308 3977 1367 4011 naa.

272 4033 379 4078 caretur
406 4026 540 4092 haeresia,
568 4031 595 4081 in
625 4032 792 4084 anathemata
816 4034 982 4098 incidentes,
1008 4034 1035 4085 iu
1055 4039 1190 4084 aeteruum
1209 4032 1300 4100 ignem
1320 4035 1370 4085 aiut

273 4095 390 4151 demissi.
428 4106 507 4167 atque
526 4100 592 4153 haec
611 4103 716 4171 quidem
735 4103 874 4156 hactenus.

317 4252 328 4260 ,,
375 4195 428 4250 iam
448 4210 513 4250 vero
538 4211 569 4248 eo
591 4198 660 4252 unde
675 4197 808 4253 declinavi
828 4207 962 4270 revertur.¹
995 4199 1040 4270 qui
1061 4196 1214 4254 amarorum
1234 4198 1369 4254 castellum
