2992 4916
207 358 428 430 nrsronrnn
448 306 708 428 onznnnnnn
725 363 877 428 xxxvn.
899 339 1086 428 [ιο-46.
1146 354 1219 429 ooo

118 525 228 606 ἑξότου
257 528 415 610 βραχειας
445 524 563 610 ἐκείνης
597 525 629 602 ἐξ
661 522 775 608 όλόγου
813 524 915 608 φορᾶς
947 523 1002 587 καί
1032 523 1218 607 παραδόξου

119 627 218 712 τύχης
239 626 410 711 ἐδράξαντο
434 625 595 712 ἀφορμῆς,
612 627 668 709 τῆς
689 648 723 690 τε
748 621 869 708 δηλαδὴ
894 628 956 691 τῶν
978 629 1067 690 δυοῖν
1084 625 1218 712 Ἀνδρο-

119 730 217 793 νίκων
238 729 300 791 τοῖν
319 726 479 809 βασιλέων
502 726 706 804 διαστάσεως,
727 730 850 810 μᾶλλον
882 728 910 791 δ’
943 711 1140 805 όποστασίας
1163 729 1220 791 τού

120 827 194 894 νέου
216 827 296 912 πρὸς
315 825 377 892 τόν
394 829 507 892 οἰκεῖον
527 827 673 906 πάππον,
699 828 755 892 καί
784 821 826 892 αύ
846 831 901 913 τῆς
924 826 1083 914 δευτέρας,
1106 825 1143 912 ἢν
1167 850 1218 891 τε-

94 930 288 1014 5θνηκότων
309 930 436 994 ἐκείνων
458 926 539 992 κατὰ
560 930 616 993 τοῦ
648 928 720 993 νέου
740 927 975 1011 βασιλέωςκαί
996 933 1051 1013 τῆς
1071 931 1126 992 τοῦ
1145 926 1218 993 νέου

120 1027 242 1115 μητρός
272 1027 291 1094 ό
322 1027 587 1114 Κιιντακουζηνός
605 1032 783 1113 κεκίνηκεν,
806 1032 1020 1107 παντοδαποῖς
1039 1029 1095 1093 καί
1115 1029 1218 1094 ποικί-

122 1138 191 1209 λοις
214 1129 317 1206 δόλοις
339 1131 478 1206 ἐκείνους
498 1132 558 1214 μὲν
578 1131 740 1216 πρότερον,
761 1131 891 1206 τούτους
908 1132 937 1193 δ’
957 1127 1098 1214 ὕστερον,
1119 1131 1218 1214 ἐπαγ-

121 1234 243 1321 γελίαις
255 1255 288 1298 τε
312 1229 414 1298 ἄλλοι)
438 1229 549 1311 ἄλλοις
568 1233 752 1318 περιιόντες,
776 1232 886 1297 όποῐαι
902 1232 957 1296 καί
979 1227 1131 1308 δ’σαιτοῖς
1152 1251 1218 1296 τοι-

123 1335 227 1409 ούτοις
247 1331 401 1420 ἣρμοττον
427 1341 568 1419 καιροῖς,
589 1337 724 1416 βουλαῖς
746 1330 867 1418 δηλαδὴ
896 1332 951 1397 καί
968 1331 1134 1416 χρήμασιν
1156 1330 1219 1416 όφ-

81 1449 113 1504 10
123 1435 317 1520 θονωτὲροις
338 1435 393 1500 καί
415 1435 617 1519 συμμαχίαις
635 1432 813 1512 ὁπλιτικαῖς
835 1436 890 1499 καί
907 1434 1061 1511 τοιούτοις
1079 1431 1117 1517 δή
1137 1455 1220 1522 τισιν

125 1539 186 1624 (εἰό
206 1533 267 1622 γάρ
290 1535 390 1621 λέγειν
414 1537 470 1601 καί
502 1535 571 1616 οἵας
592 1537 655 1618 Quint*
675 1534 796 1611 τούτοις
815 1534 994 1620 λεληθότως
1025 1536 1123 1617 δῆθεν
1143 1530 1220 1598 ύπὲ-

126 1659 242 1725 φαινον
262 1635 317 1714 τὰς
342 1635 577 1713 ιῖπειλάςκαθ·
612 1628 696 1720 ὧνῆ
729 1633 831 1700 πειθοδ
851 1635 964 1719 χοόραν
984 1635 1081 1700 ἐνίοτε
1105 1631 1222 1722 <inorbo

124 1735 362 1825 ούχΙεύρισκε),
385 1737 441 1801 καί
463 1739 519 1802 νύν
551 1739 611 1822 μὲν
629 1735 755 1823 θατέρῳ
787 1735 1033 1821 προστιθέμενοι
1050 1735 1143 1820 μέρει
1166 1734 1221 1800 καί

124 1837 206 1924 πρός
226 1839 363 1923 θάτερον
387 1832 483 1914 αύθις
511 1838 789 1922 ταλαντευόμενοί,
809 1839 865 1904 καί
895 1837 946 1902 άεί
974 1837 1110 1922 θάτερον
1131 1834 1222 1921 παρά

80 1938 261 2023 λόθάτερον
283 1935 459 2022 ἀμοιβαδὸν
493 1941 725 2017 ἔξαπατιύντες,
747 1942 815 2015 πῶς
840 1940 900 2021 μὲν
922 1929 1023 2002 ἑκοντὶ
1043 1939 1110 2013 πῶς
1133 1940 1161 2001 δ’
1185 1935 1221 1998 ού

123 2042 211 2124 μάλα
234 2032 344 2117 ἓκοντί,
365 2040 420 2123 τῆς
440 2042 496 2106 τοῦ
515 2043 629 2125 καιροῦ
651 2038 867 2125 περιστάσεως
890 2038 1000 2124 πόρρω
1022 2039 1079 2102 τού
1100 2037 1221 2112 δέοντος

51 2148 63 2164 ⁴
124 2139 317 2224 ε’λαυνούσης
350 2142 403 2204 τὸν
424 2141 542 2226 δρόμον
574 2143 636 2205 τοῖν
659 2140 834 2224 ἀνηκόντων
865 2138 966 2226 λόγων
988 2137 1044 2203 καί
1065 2136 1221 2221 πράξεων,

125 2241 244 2306 ἔλαθον
265 2239 343 2316 τούς
364 2243 500 2318 οἰκείους
532 2241 629 2327 όρους
650 2243 683 2306 ἐκ
708 2243 789 2306 πάνυ
813 2265 844 2304 τι
872 2240 1014 2316 εύτελούς
1032 2262 1067 2302 τε
1084 2239 1139 2326 καί
1156 2261 1221 2318 χοι-

124 2341 285 2426 μαιζήλου
319 2343 472 2427 περιοχῆς
500 2339 690 2418 ἐκτείναντίς
709 2365 742 2407 τε
769 2343 824 2406 καί
853 2340 1075 2426 ὀχυρώσαντες
1097 2340 1222 2422 πρῶτον

80 2445 184 2526 ἳθμὲν
218 2443 355 2520 ξυλίνοις
382 2443 449 2507 τισί
477 2447 620 2528 θριγκοῖς
652 2443 715 2514 καί1
744 2443 880 2530 τάφροις
906 2442 1076 2526 βαθείαις,
1114 2438 1222 2506 ἔπειτα
1308 2459 1310 2463 ·

124 2543 263 2626 τείχεσιν
285 2540 421 2627 ύιμηλοῐς
440 2567 473 2606 τε
493 2545 548 2608 καί
571 2543 702 2631 όχυροῖς
730 2545 786 2610 καί
815 2543 1129 2627 δυσανταγωνίστοις.
1172 2541 1289 2604 ε’ν-ίθ

105 2646 238 2707 ,τεύθεν
261 2641 440 2727 όρμάμενοι
466 2642 540 2719 τούς
573 2648 628 2728 τῆς
659 2646 776 2722 οἰκείας
798 2644 990 2728 [πλεονεξίας
1018 2640 1114 2728 όροος
1143 2637 1224 2704 κατά

125 2742 240 2828 χάραν
258 2747 370 2827 ξμένειν
402 2744 457 2808 ἐᾶν
492 2743 620 2830 ούδαμῇ
640 2768 675 2829 γε
710 2743 884 2830 ἐγνώκεσαν
892 2788 903 2819 ,
942 2743 1009 2807 ἄλλ’
1031 2743 1083 2827 ἐφ’
1105 2734 1224 2826 ἑτέροις

127 3051 255 3107 tenebunt
272 3053 334 3105 inde
355 3051 387 3106 ab
407 3067 439 3104 eo
459 3060 579 3120 ternpore
610 3067 662 3122 qno
682 3054 796 3122 erigone
814 3053 888 3105 iilius
914 3069 948 3106 ex
967 3045 1080 3112 absurde
1099 3066 1178 3103 enusn
1196 3058 1223 3104 et

126 3126 265 3191 inopinato
284 3140 347 3176 onsu
367 3132 476 3176 exortae
490 3127 589 3192 primns
601 3126 739 3178 discordee
760 3133 787 3177 et
801 3125 981 3177 contentionis
1001 3130 1109 3191 opertae
1127 3138 1220 3190 regum

127 3196 262 3248 amborum
281 3196 492 3249 Andronioorum
513 3204 614 3263 portem
635 3197 762 3261 fecerant,
781 3196 825 3247 vel
846 3197 933 3262 potius
952 3194 1109 3248 rebeiiionis
1129 3195 1222 3244 iunio.

125 3271 165 3320 ris
185 3274 278 3318 contro
296 3268 381 3333 ipsum
400 3282 493 3332 evum,
522 3276 549 3319 et
566 3284 657 3319 rursus
682 3267 793 3319 ulterius
818 3283 895 3336 quarn
913 3267 1026 3319 mortuis
1055 3264 1110 3316 iilis
1129 3273 1222 3316 contre

129 3341 254 3390 iuvenum
273 3353 364 3406 regern
384 3346 411 3388 et
428 3339 533 3390 iuvenis
551 3347 659 3390 metrern
679 3340 879 3392 Centecunenus
898 3345 1027 3401 moveret,
1048 3337 1130 3388 variis
1150 3335 1222 3387 mul.

125 3412 160 3462 tis
181 3416 208 3460 et
225 3411 341 3460 versutis
360 3409 461 3460 artibus
482 3409 544 3461 illos
560 3411 647 3486 prius,
667 3409 716 3461 hos
737 3419 844 3477 postes,
867 3417 894 3461 et
912 3408 1131 3476 promissionibus
1150 3406 1222 3458 mul.

125 3483 161 3533 tis
181 3481 400 3544 circumiverunt,
421 3480 514 3547 quales
548 3487 575 3532 et
602 3490 716 3549 quantae
742 3481 905 3549 temporibus
932 3480 987 3531 illis
1016 3479 1221 3542 conveniebant,

126 3551 236 3604 scilieet
255 3551 375 3602 consiliis
398 3559 424 3602 et
442 3553 563 3617 pecuniis
583 3561 623 3604 sat
642 3555 743 3622 mugnis
768 3561 794 3604 et
820 3553 915 3619 opibus
933 3551 1093 3603 militaribus
1113 3558 1140 3601 et
1160 3550 1222 3602 eliis

126 3622 276 3674 huiusmodi
289 3638 296 3671 ι
315 3623 391 3672 mitto
413 3625 483 3672 enim
502 3624 591 3674 dicere
610 3633 719 3691 quantes
731 3626 758 3674 in
779 3623 819 3675 bis
830 3625 897 3675 ciem
912 3625 995 3674 minas
1006 3624 1120 3674 iecerint
1130 3628 1223 3672 contro

126 3709 193 3762 quus
205 3693 339 3759 persuasis
351 3693 480 3744 interdum
491 3693 558 3744 nihil
571 3694 687 3758 uniebat,
706 3704 732 3746 et
749 3709 815 3761 quas
830 3710 902 3746 nune
920 3694 998 3745 elteri
1017 3693 1085 3759 porti
1105 3691 1223 3742 inferre.

125 3767 200 3828 bunt,
220 3779 289 3814 nuno
304 3764 337 3814 ed
358 3763 468 3814 aiteram
484 3764 672 3828 devolvebant,
694 3773 719 3816 et
739 3765 869 3830 quomodo
890 3765 1018 3815 continuo
1037 3762 1146 3815 aiterum
1162 3768 1224 3828 post

129 3837 242 3888 alterum
260 3835 437 3901 decipientes,
459 3835 535 3886 modo
555 3835 588 3886 iis
599 3849 653 3887 nou
671 3836 764 3887 invitis
783 3837 860 3886 modo
880 3836 1081 3903 iuvitis‚·quum
1094 3834 1224 3900 temporis

128 3907 248 3960 rationes
276 3905 358 3956 verbu
384 3903 575 3958 ultramodum
606 3906 716 3957 audacia
743 3913 770 3957 et
798 3905 867 3957 faeta
888 3906 1077 3969 admitterent,
1097 3905 1224 3972 punietim

126 3977 307 4047 possessionis
339 3992 403 4028 sune
431 3979 557 4029 terminos
585 3993 618 4030 οιι
644 3985 756 4044 angusto
782 3984 808 4028 et
836 3978 933 4046 exiguo
956 3976 1055 4028 ambitu
1094 3976 1224 4027 extende.

125 4051 182 4104 rint
200 4056 228 4099 et
245 4048 422 4110 muniverint,
448 4049 559 4114 primum
579 4049 682 4117 quidem
702 4047 799 4114 ligneis
819 4050 902 4115 septis
928 4055 954 4099 et
980 4048 1058 4100 fossis
1076 4046 1225 4114 profundis,

127 4119 225 4172 deindo
250 4133 317 4170 vero
341 4120 422 4171 muris
440 4119 501 4171 eltis
528 4127 554 4170 et
573 4120 654 4170 firmis
679 4127 705 4172 ot
731 4120 777 4170 vix
808 4119 1038 4189 expugnabilibus.
1076 4119 1104 4169 in
1123 4115 1164 4166 bis
1183 4116 1225 4167 in.

127 4198 199 4244 ctum
225 4197 271 4252 ,est
296 4197 326 4242 ut
359 4189 447 4256 cupidi
479 4191 657 4258 possessionis
686 4189 898 4257 tampliiionndeo
924 4192 1051 4242 terminos
1079 4188 1111 4239 ed
1138 4187 1226 4238 modi.

127 4278 188 4316 cum
215 4261 341 4316 ambitum
361 4263 525 4332 constituere
545 4277 598 4314 non
617 4262 669 4314 iarn
690 4262 823 4314 inanimo
848 4262 991 4328 haberent,
1009 4259 1067 4334 ,sed
1091 4256 1144 4311 ulie
1166 4265 1227 4326 post
