2992 4916
195 361 689 435 nrsromeeerzsrtnrtsn
705 365 855 432 xxxvii.
875 341 1063 430 λλ-λ8.
1087 421 1091 430 .
1145 348 1219 434 ote

122 523 163 612 ἦν
184 525 203 592 ό
224 527 438 613 δημοσιεύσας
469 527 525 594 καί
556 526 693 613 θέατρον
717 523 906 611 ἑξενηνοχώς
933 524 1015 591 κατὰ
1035 507 1100 592 τόν
1120 528 1154 591 ἐν
1173 530 1221 614 τῷ

82 619 85 630 ’
116 625 209 714 Ἄθῳ
244 631 290 716 τῷ
327 623 397 716 ύρει
427 629 738 716 παρεισφδαρένταν
770 631 804 694 ἐκ
836 628 954 694 πολλοῦ
984 629 1219 708 Μοσαλιανύν,

121 727 220 806 αύτός
251 728 269 795 ὅ
298 731 458 817 ἐξελέγξας
486 735 554 796 κατ’
591 723 675 806 εἶδος
692 727 766 797 ,όσα
786 729 916 805 ἐκεινοις
953 727 1090 811 ἀθέμιτα
1112 728 1219 818 λα’θρρι

120 833 272 896 τελεῖται·
298 833 404 908 ένίους
423 833 482 915 μὲν
503 829 564 917 γὰρ
587 829 710 896 ιῖλιόναι
732 829 821 918 adrui
844 829 943 916 φησίν
966 831 1015 894 ἐπ’
1041 829 1217 916 αότοφιύρφ

95 933 192 1006 haic
213 932 312 1008 ἰδίαις
330 934 428 1018 χερσί
449 931 637 1019 ῥιπτοῦντας
663 934 699 996 ἐν
720 932 861 1017 αοπρύνι
880 929 937 1008 τὰς
958 932 1050 1008 delae
1073 933 1130 997 τοῦ
1146 955 1218 1020 σω-

121 1034 219 1119 τῆρος
241 1031 364 1108 εἰκόνας
385 1032 483 1098 αὐτοῦ
505 1055 539 1097 τε
562 1033 617 1098 καί
636 1036 700 1098 τοῖν
725 1031 824 1116 ἆγιλον
846 1031 957 1109 αὐτού,
981 1024 1084 1107 ένίούς
1106 1035 1135 1097 δ’
1157 1025 1217 1094 ad.

121 1139 178 1210 θις
201 1133 257 1198 καί
281 1133 431 1206 πολλάκις
452 1133 545 1216 ἕτερα
565 1135 733 1208 τελοῦντας
755 1135 822 1208 πῶς
840 1132 899 1214 μὲν
920 1132 1129 1217 παραπλήσια
1151 1134 1219 1207 πῶς

122 1234 389 1319 δὲμοσαριύτεριί
408 1253 442 1298 τε
469 1233 525 1298 nai
556 1231 814 1319 φρικωδέστερα,
848 1229 890 1308 ὦς
918 1233 1001 1316 μηδὲ
1034 1230 1135 1316 λέγειν
1163 1231 1219 1295 καί

120 1336 259 1421 γράφειν
280 1335 407 1398 ἐνταύθ)
436 1331 522 1416 ἡμᾶς
552 1334 711 1398 δύνασθαι
741 1332 793 1396 διιὶ
821 1330 855 1396 τό
889 1334 944 1416 τῆς
967 1331 1098 1407 ἀτοπίας
1119 1329 1218 1416 ύπερ-

78 1436 250 1519 meditor.
292 1433 347 1499 καί
368 1435 467 1497 ταῦτα
489 1434 588 1519 λέγων
609 1436 723 1519 ἐπῆγεν
753 1432 853 1498 οἱονεί
865 1457 896 1497 τι
918 1429 1103 1518 συναγωγὸν
1124 1429 1285 1500 ὗσεν-η

119 1535 266 1619 δύμημα,
286 1531 331 1610 oie
350 1533 405 1598 οόιι
427 1533 467 1598 δν
487 1535 694 1619 ἐδημοσίευόν
716 1539 783 1598 ποτ’
814 1531 874 1618 ἐγώ
902 1531 957 1618 την
986 1534 1139 1616 τοσαύτην
1161 1557 1219 1596 κα.

120 1639 203 1713 τίαν,
227 1636 256 1700 εἰ
271 1637 403 1720 ἐμαυτῷ
426 1635 607 1700 συνειδέναι
628 1636 700 1717 ἐνῆν
720 1659 777 1716 μοι
796 1641 861 1710 τοῖς
881 1635 1032 1711 τοιούτοις
1053 1637 1116 1698 τῶν
1137 1629 1218 1698 Μοι-

122 1737 284 1800 σαλιανιύν
308 1733 546 1820 συνειλημμένῳ
567 1757 600 1797 τε
629 1733 684 1799 καί
706 1731 846 1820 ὁμόλογα
870 1733 1074 1820 φθεγγομένῳ
1105 1736 1219 1820 ἐγκλή-

120 1858 214 1917 μασι.
256 1836 355 1898 ταῦτα
390 1838 418 1898 δ’
452 1832 545 1912 αότύς
576 1831 655 1918 ὑπὲρ
688 1827 803 1900 ἑαυτοῦ
831 1835 1080 1921 προτεινόμενος,
1104 1837 1157 1900 ἐπί
1178 1834 1217 1898 τό

79 1951 111 2004 15
121 1933 290 2020 ἐρραμένα
310 1938 433 2016 μᾶλλον
447 1938 504 1999 τοῦ
517 1935 657 2015 ψεύδους
675 1937 820 2017 βαδίζειν
841 1929 918 2000 ἑκών
936 1936 1126 2020 ἐξηλέγχετο,
1141 1941 1220 2000 σολ-
1295 1937 1297 1941 ’

120 2034 322 2120 λογιζόμενος
348 2033 430 2118 iicet}
452 2034 616 2119 πέπραχεν
651 2036 723 2099 ἀνθ’
752 2028 797 2100 ὧν
817 2035 1012 2119 ἐπεπράχει,
1034 2037 1090 2100 καί
1112 2035 1219 2120 ἐλελή-

119 2139 175 2200 θει
195 2138 272 2202 καθ’
293 2129 409 2200 ἑαυτοῦ
430 2136 624 2221 συρράπτιον
649 2138 704 2202 καί
736 2137 944 2217 σσσκεσύζανν
974 2129 1021 2214 οἷς
1045 2136 1138 2213 αὐτὸς
1161 2137 1220 2200 αύ-

119 2237 192 2302 τίιια
215 2236 511 2319 περιστοιχίζεσθαι
532 2233 666 2321 ἤμελλεν
688 2237 839 2324 ἀφύκτοις
869 2236 924 2302 καί
944 2239 1092 2323 ἰσχυροῖς
1116 2238 1218 2302 δικτύ-

120 2359 179 2411 οις.
202 2334 231 2398 ei
251 2333 313 2420 γὰρ
338 2339 581 2422 κατηγορούντες
602 2335 698 2402 αύτού
714 2341 821 2403 πέντ’
843 2337 1024 2404 ἐπισκόπων
1044 2339 1100 2402 καί
1120 2361 1219 2424 πρεσ·
1232 2367 1286 2419 η

75 2434 264 2519 ροβστέριον
283 2436 370 2502 τότ’
396 2433 481 2536 ἄλλα,
504 2438 687 2524 προύφερον
709 2441 753 2516 εἷς
774 2441 936 2517 ἀπόδειξιν
956 2441 1013 2504 τού
1037 2439 1219 2520 ψεύδεσθαι

119 2536 289 2622 προδήλως
311 2537 414 2615 αὐτόν,
434 2539 489 2602 καί
510 2539 568 2619 σύχ
589 2537 772 2625 ἥκισταντῆν
788 2542 917 2627 μακρόν
930 2565 964 2607 τε
985 2541 1040 2608 καί
1063 2537 1219 2626 ἄρρηκτον

117 2639 175 2700 τού
196 2639 357 2725 Σκορπίοο
383 2642 503 2726 φιλίαν,
526 2639 562 2704 ὃν
584 2640 700 2705 πολλαί
731 2643 911 2728 μαρτυρίαι
930 2644 986 2708 καί
1006 2643 1135 2728 σφόδρα
1157 2665 1218 2706 σα-

121 2990 150 3036 et
176 2989 288 3049 apparet
312 2998 372 3034 eum
399 2998 479 3050 qnam
507 2988 670 3035 convocaret
701 2989 727 3034 et
756 2982 909 3034 institueret
934 2979 1067 3034 tbeetrnm
1092 2981 1121 3033 in
1146 2981 1217 3034 bibo

120 3060 214 3107 monta
242 3069 285 3106 ex¹
301 3055 474 3121 oppositione
499 3055 663 3121 potissimum
692 3054 719 3106 in
737 3053 897 3108 biesalienos
928 3054 974 3121 qui
1001 3053 1052 3104 iem
1084 3067 1118 3104 ex
1135 3051 1218 3103 multo

121 3133 245 3190 tempore
272 3123 310 3176 ibi
337 3141 368 3177 se
391 3127 608 3189 insinuaverent,
638 3125 753 3188 dirisse3
778 3140 856 3192 quum
883 3125 1068 3176 accusetiones
1087 3139 1136 3190 per
1153 3137 1219 3188 spe.

122 3197 194 3248 ciem
216 3196 362 3248 instrueret
380 3197 423 3262 iis,
443 3197 598 3265 quibuscum
617 3198 676 3262 ipse
693 3195 790 3248 illicite
813 3198 841 3248 in
866 3195 973 3248 occulto
993 3203 1111 3247 exercet.
1147 3208 1219 3246 nou.

122 3265 303 3322 nullos-enim
322 3269 390 3319 dixit
408 3284 437 3319 se
461 3270 519 3334 ipso
547 3269 575 3318 in
602 3267 722 3319 iocinore
746 3267 972 3334 deprehendisse,
1001 3281 1080 3334 quum
1098 3264 1219 3316 menibus

120 3339 179 3391 suis
198 3339 225 3390 in
242 3347 346 3390 stercus
358 3339 521 3391 deiecissent
541 3354 617 3391 secra
635 3339 778 3395 simulacre
796 3339 879 3406 ipsius
902 3337 1045 3391 selretoris
1066 3344 1093 3388 et
1110 3343 1220 3388 saneto.

121 3424 181 3460 rom
201 3411 278 3472 eins;
296 3409 442 3462 nonullos
462 3425 554 3462 rursus
574 3426 655 3478 seepe
673 3425 752 3478 quum
778 3409 831 3462 elia
855 3409 1050 3462 commisissent
1068 3409 1161 3476 pertire
1180 3409 1220 3459 si-

122 3479 199 3532 milia
219 3481 312 3547 pertire
332 3483 415 3546 magis
438 3481 541 3533 neierie
561 3490 587 3532 et
607 3483 779 3534 detestande:
808 3485 892 3534 irent
910 3483 1000 3534 dicere
1022 3488 1049 3533 et
1066 3479 1220 3533 describere

120 3565 177 3602 eoer
196 3553 330 3617 possimus
356 3561 466 3618 propter
491 3553 659 3606 absurditatis
684 3554 878 3606 ebundentiem.
926 3552 968 3605 his
988 3560 1075 3604 eutem
1093 3553 1171 3604 dietis
1191 3558 1221 3602 nt

122 3624 283 3674 certamini
302 3623 475 3678 confiduoiem
494 3624 620 3690 preberet
643 3625 756 3676 adiecit:
784 3639 954 3692 nequequam
978 3639 1028 3692 ego
1047 3630 1120 3674 tento
1138 3621 1221 3672 nere.

121 3694 163 3744 rie
183 3694 376 3760 publicassem,
399 3695 422 3746 si
451 3695 576 3746 conscius
594 3695 659 3746 mihi
680 3710 776 3759 essem,
801 3696 886 3760 ipsum
905 3694 1053 3745 huiusmodi
1073 3694 1220 3744 iecinornrn

121 3765 326 3834 fflselisnornm
346 3772 446 3831 partem
482 3765 597 3828 babere,
626 3772 654 3815 et
671 3766 762 3816 eadem
787 3765 820 3816 de
837 3781 879 3816 me
907 3765 1016 3815 erimina
1039 3779 1082 3815 me
1100 3763 1220 3831 profiteri
1306 3828 1311 3839 ι

120 3835 229 3888 debere.
266 3837 313 3888 sed
333 3837 399 3887 heec
418 3852 497 3904 quum
520 3851 567 3902 pro
587 3851 617 3886 se
636 3836 815 3899 obtenderet,
837 3850 885 3901 per
914 3843 999 3888 semet
1014 3836 1103 3902 ipsum
1121 3836 1219 3887 couvi..

123 3913 181 3958 ctus
203 3915 252 3970 est,
271 3908 304 3959 ed
322 3908 458 3959 eudociam
478 3908 506 3958 in
525 3908 617 3958 frende
638 3913 665 3958 et
683 3907 827 3958 mendaciis
846 3905 982 3971 tendisse,
1003 3922 1081 3975 quum
1100 3906 1220 3974 collige.

125 3984 168 4028 ret
195 3993 264 4045 quae
290 3993 344 4029 non
375 3979 476 4030 feceret
502 3978 614 4050 pro,iis
647 3994 715 4045 queo
739 3978 856 4042 feceret;
884 3985 911 4030 et
935 3993 1013 4045 quum
1032 3985 1176 4030 consueret
1193 3984 1220 4028 et

121 4049 293 4102 contraheret
310 4049 389 4101 latuit
406 4051 442 4112 ei,
461 4050 595 4118 quomodo
613 4049 649 4102 iis
671 4051 731 4116 ipse
750 4051 846 4102 deinde
865 4057 988 4117 tunquem
1008 4047 1220 4117 ineffugibiiibus

121 4127 148 4170 et
168 4120 324 4172 firmissimis
343 4120 459 4188 *laqueis
491 4127 639 4188 caperetur.
683 4129 853 4173 accusatores
878 4122 948 4172 enirn
975 4138 1008 4174 ex
1032 4122 1166 4189 episcopis
1192 4124 1220 4168 et

120 4191 272 4243 senioribus
294 4207 373 4259 quum
392 4192 446 4244 elie
465 4190 637 4258 proferebant
654 4193 686 4243 ed
705 4193 862 4246 menifestee
881 4192 982 4245 bandis
995 4209 1055 4246 eum
1066 4202 1218 4260 coarguen-

120 4259 190 4332 dum,
207 4270 262 4315 tem
282 4277 348 4315 seso
368 4261 518 4317 dieuimm
543 4271 572 4316 et
596 4263 750 4334 infragilem
778 4263 920 4318 amicitiam
946 4264 1118 4335 Scorpionis3
1138 4275 1217 4334 qoem
