2992 4918
241 359 464 430 ursrourte
491 353 750 430 cauteriate
767 358 877 424 surr.
893 337 1019 422 7-9.
1147 336 1193 424 tr>
1237 389 1239 398 κ

105 527 142 614 μδ
160 521 239 594 εἶναι
269 526 434 611 δήπουθεν
461 519 569 586 καόνδν
598 520 629 584 εἰ
655 524 876 604 περιφροναῖτο
896 516 984 581 ταῦθ’
1017 513 1076 600 ἀφ’
1107 511 1196 598 ἧμύν

105 630 141 706 ἀς
161 633 259 694 ἐκεῖνα
283 627 384 692 πύλαι
417 633 481 700 τοῖς
515 630 685 708 φονεοταῑς
713 619 882 692 Ἰουδαίοις
909 615 1040 683 ἐκείνου.
1083 619 1117 684 ἓν
1137 619 1197 696 μὲν

105 729 135 814 δή
156 729 247 794 τοῦθ’
270 724 382 794 ἱκανόν
412 724 465 790 ἔπε’
499 722 556 797 τός
578 721 704 805 πρώτας
725 721 839 794 ἀι’τιόις
861 720 917 784 καί
945 716 1115 801 διαλήψεις
1136 719 1197 780 τῶν

105 833 227 916 ἀφαναῑν
259 827 523 913 α’ρραστημότυον
553 828 608 907 τῆς
641 823 760 888 ἐκείνου
789 823 899 903 ψυχῆς
933 819 1112 903 ἀναφέρειν·
1137 838 1196 882 σου

84 930 153 1014 trq't
184 925 335 996 διόνοιαν
361 931 416 993 aul
447 925 619 1008 ἐπερείδειν
654 925 696 999 ὥς
729 921 782 988 ἕπε’
809 923 947 1010 θεμελόιρ
982 918 1037 994 τός
1067 917 1198 982 κατόπιν

105 1027 233 1116 ἀφόδους
256 1034 323 1096 τυδν
342 1028 579 1110 ἀναλογισμῶν·
625 1023 827 1128 δεύτερονρέ
842 1016 888 1088 δτι
912 1019 1087 1085 πολυθεΐαν
1104 1019 1198 1100 ἔγκα-

103 1127 256 1212 λούμενας,
279 1133 365 1216 μηδὲ
379 1128 440 1214 γδρ
458 1128 613 1201 Ἰουδαῖος
630 1122 768 1220 ἔφασκεν
787 1129 871 1188 εἰναι
890 1124 973 1205 μηδὲ
987 1122 1049 1185 τεόν
1066 1120 1198 1204 Ἰσμαρ-

105 1237 189 1298 tradi
208 1229 274 1310 εἷς,
308 1236 348 1298 ἵν’
370 1231 424 1296 ἕνα
446 1233 523 1318 σέβῃ
547 1225 632 1292 θεόν.
688 1223 748 1309 s'yrd
772 1227 808 1289 δὲ
832 1229 886 1288 καί
907 1225 1004 1287 πλειόυ
1027 1224 1082 1286 καί
1097 1220 1224 1301 μείζω,

104 1341 254 1418 συνείρειν
279 1339 403 1402 ἐθέλων
431 1336 487 1422 τῆς
518 1332 617 1413 αύτῆς
653 1328 791 1410 ἐχόμενα
810 1327 940 1405 κακίας,
960 1324 1016 1389 καί
1043 1323 1198 1388 δεικνύειν

72 1439 154 1502 itaut*
176 1437 399 1502 decatessera
426 1433 561 1507 όπόσους
584 1432 640 1514 τῆς
663 1430 811 1511 ἀσεβείας
834 1431 981 1508 ταμιεύει
1008 1424 1048 1490 τόι
1071 1426 1197 1509 βραχέα

107 1538 190 1600 ταυτά
210 1535 422 1622 θησαυρούς,
446 1536 534 1600 δυοῖν
557 1536 661 1599 ἕνεκα
677 1531 834 1614 παρίημι,
857 1522 926 1602 ἑνός
948 1529 1007 1608 μὲν
1028 1521 1075 1594 ότι
1098 1521 1199 1608 σοφός

104 1629 142 1700 dv
161 1640 214 1700 καί
235 1634 338 1713 αύτός
359 1640 494 1719 ξυνῆκας
515 1633 655 1708 οἰκούσας
678 1632 787 1712 εύθύς,
808 1626 911 1718 γνιόορ
933 1632 964 1694 δ’
986 1621 1029 1694 αδ
1049 1625 1198 1694 τελειότε-

105 1759 152 1818 ρον
171 1748 238 1815 ταῖς
261 1739 386 1804 ἐκείνου
418 1741 540 1819 βίβλοις
568 1732 801 1818 ἐντετυχηκώς,
832 1734 982 1816 δενιόροο
1005 1733 1034 1794 δ’
1059 1722 1105 1793 ὅτι
1126 1751 1200 1794 και-

106 1837 153 1919 ρόν
172 1840 307 1904 ἀπιέναι
327 1863 364 1905 σε
386 1838 486 1904 οἴκαδ’
510 1839 628 1920 ἀρτίως
649 1831 849 1918 όρμόττοντα
878 1830 987 1915 οἴομαι
1006 1825 1100 1909 εἶναι,
1126 1829 1200 1912 πρόν

72 1937 170 2015 tercia
190 1928 304 2032 κύκλῳ
324 1940 486 2015 πανόπτας
511 1941 685 2004 αἰσθέσθαι
708 1935 763 2002 καί
783 1934 859 2012 τούς
889 1931 1021 2020 πικρούς
1043 1936 1099 2017 τῆς
1122 1933 1216 2020 ἐμῆς,

106 2043 344 2130 δεσμοφύλακας
368 2042 473 2128 τύχης.
999 2099 1002 2106 ,

195 2147 268 2210 Καὶ
293 2146 400 2208 ταῦτα
423 2146 482 2223 μὲν
515 2143 627 2207 τοῦτον
656 2139 730 2224 ἔσχε
762 2139 817 2206 τόν
835 2139 969 2222 τρόπον,
990 2135 1046 2202 καὶ
1067 2133 1082 2200 δ
1103 2132 1235 2210 saldra)

103 2242 330 2329 Ἀγαθόγμελος
361 2248 482 2310 τοσαῦτ’
513 2243 611 2310 εἰπόν
641 2245 696 2308 καί
731 2243 869 2317 ἀκούσας
899 2239 993 2330 ἀπῄει
1018 2241 1042 2279 “
1064 2236 1228 2321 νύκτωρ,ῐ.
1250 2243 1337 2296 tite.

103 2345 229 2426 μηδενός
251 2348 318 2412 τῶν
340 2345 424 2425 ἑμιόν
453 2349 594 2412 tramea
626 2347 831 2426 αἰσθομένου.
881 2342 997 2429 χρόνον
1028 2344 1057 2405 δ’
1078 2341 1199 2406 ε’κεῖθεν

72 2441 307 2532 λθὲξαμφνιαῑον
338 2448 398 2515 α’νό
421 2447 479 2532 τόν
509 2449 600 2512 πόλιν
634 2447 767 2531 ταυτηνὶ
790 2446 1019 2531 διατετριφώς,
1055 2444 1110 2508 καί
1131 2446 1201 2508 Βυ-

107 2548 229 2623 ζαντίων
252 2559 319 2624 τοῖς
341 2551 546 2637 προύχουσιν.
561 2551 618 2614 ἕπε’
634 2572 668 2613 τε
702 2553 800 2640 σοφάρι
824 2553 878 2614 καί
908 2550 981 2636 δόξῃ
1004 2570 1201 2629 συναναμιγ-

106 2648 224 2728 νύμενός
248 2675 283 2716 τε
306 2655 361 2718 aar*
381 2649 501 2732 όμιλιόν
523 2652 664 2737 εύφυιός,
685 2655 740 2716 καί
760 2660 823 2726 τοῖς
837 2649 911 2736 πράν
934 2651 1138 2736 ἠκουσμόνυις
1159 2643 1199 2714 τό

110 2952 210 3006 corpore
236 2949 265 2992 et
291 2939 400 2992 multum
426 2941 458 2994 ab
488 2955 520 2993 eo
539 2943 674 2995 diversum
693 2948 768 3009 putat
793 2955 881 3008 neque
910 2939 1031 3007 profecto
1050 2942 1087 2992 ita
1107 2940 1201 2993 mirum

111 3025 180 3076 esse,
208 3015 233 3066 si
255 3011 308 3063 boc
333 3014 451 3066 anobis
471 3021 672 3077 contemnatur,
693 3014 761 3064 sient
785 3011 853 3064 illud
876 3011 1007 3079 quondam
1033 3012 1067 3064 ab
1085 3012 1200 3077 ludaeis,

111 3080 197 3136 Christi
216 3083 449 3138 interfectoribus.
470 3085 522 3137 hoc
539 3101 619 3138 unum
638 3085 738 3137 suflicit
758 3085 904 3151 adprimus
926 3099 1018 3135 causas
1037 3083 1199 3136 strutiones

109 3157 298 3208 reconditorum
317 3156 397 3209 animi
417 3159 542 3210 vitiorum
570 3158 758 3226 cogitationem
778 3164 849 3208 tuam
870 3155 973 3207 referre
991 3156 1020 3207 in
1038 3157 1126 3224 iisque
1147 3171 1199 3208 ve.

111 3222 152 3275 luti
167 3228 194 3278 iu
211 3228 385 3298 fundamento
412 3231 597 3297 insequentem
627 3228 878 3295 contemplationum
907 3227 1026 3279 ordinem
1054 3227 1198 3279 collocare.

111 3301 247 3352 secundum
270 3307 359 3350 autem
386 3300 594 3367 polytheismum
619 3301 670 3353 iste
699 3300 855 3362 advocavit3
881 3301 946 3352 dixit
973 3295 1065 3365 enim,
1091 3315 1126 3351 se
1148 3315 1199 3351 nec

111 3365 223 3424 ludaeurn
245 3387 297 3422 nec
314 3369 475 3424 lsmaelitam
495 3389 565 3436 esse,
583 3379 613 3422 ut
630 3387 710 3422 unum
729 3373 806 3424 deum
822 3371 935 3422 coleret.
957 3386 1113 3440 quamquam
1132 3385 1197 3424 vero

112 3438 178 3502 plura
194 3459 228 3496 ae
247 3443 356 3507 maiora,
377 3458 445 3510 quae
464 3445 497 3496 ad
513 3443 622 3496 eandem
637 3442 831 3509 improbitatem
850 3443 996 3509 pertinent,
1014 3444 1118 3495 reterre
1136 3443 1200 3494 vel.

112 3509 155 3560 lem
173 3515 278 3583 tibique
289 3514 470 3567 demonstrare
489 3524 516 3568 et
532 3514 677 3582 explicare,
695 3523 819 3581 quantam
832 3515 1007 3581 improbitatis
1018 3515 1116 3567 molem
1132 3515 1199 3566 baec
1295 3541 1296 3544 =

112 3594 183 3644 pauca
201 3588 232 3638 in
252 3601 313 3638 sese
332 3585 461 3651 habeant,
490 3589 581 3639 omitte
601 3594 689 3638 tamen
708 3585 808 3638 duabus
828 3602 861 3637 ex
880 3587 987 3649 causis,
1007 3588 1119 3652 primum
1137 3587 1218 3653 qui-⁴

114 3652 171 3719 dem,
189 3658 263 3725 qnod
283 3659 351 3725 ipse,
372 3673 425 3724 qua
449 3674 477 3710 es
496 3659 636 3726 sapientia,
656 3659 683 3708 id
702 3658 789 3709 statim
808 3658 918 3708 audiens
941 3656 1098 3709 intellexisti
1121 3666 1200 3724 atque

113 3732 252 3780 accuratius
275 3731 353 3780 etiam
375 3744 522 3797 cognosces
549 3728 625 3780 libris
650 3731 707 3780 eius
734 3728 880 3796 perlectis,
907 3728 1021 3793 deinde,
1041 3729 1111 3796 quod
1131 3743 1201 3778 nunc

114 3800 205 3876 tempus
229 3815 290 3852 esse
309 3800 432 3864 arbitror,
456 3803 560 3862 demum
579 3809 608 3851 ut
626 3801 716 3864 abeas,
737 3801 889 3867 priusquam
909 3798 999 3850 oculei
1019 3799 1201 3866 speculatores

114 3873 275 3922 circumcirca
293 3873 415 3938 dispositi
436 3882 462 3924 et
481 3888 556 3924 meae
575 3874 656 3924 sortis
668 3873 756 3924 severi
777 3872 900 3924 custodes
919 3879 946 3922 te
964 3870 1184 3922 animadvertant.

199 3945 290 4011 Atque
319 3943 385 3994 haee
403 3945 519 4010 quidem
545 3945 582 3995 ita
606 3960 666 3996 sese
691 3943 832 3994 habebant.
887 3941 1090 3994 honestissimus
1116 3950 1203 3994 auteur

113 4008 321 4082 Agathangelus,
350 4031 428 4083 quum
456 4016 523 4067 haec
555 4017 666 4068 dixisset
697 4024 723 4066 et
748 4015 913 4076 audivisset,
933 4013 999 4065 abiit
1017 4022 1108 4077 noctu,
1126 4013 1203 4064 nullo

113 4095 217 4138 meorum
240 4094 441 4152 persecutorum
468 4089 609 4139 sentiente.
648 4087 709 4137 dein
734 4103 782 4139 sex
808 4103 856 4152 per
876 4091 988 4137 ‘meuses
1016 4087 1044 4136 in
1071 4085 1120 4136 bac
1138 4085 1203 4135 urbe

114 4166 281 4210 commoratus
301 4166 328 4209 et
350 4174 408 4208 cum
429 4159 567 4224 Byzantiis
597 4159 727 4224 sapientia
752 4174 782 4208 ac
800 4158 889 4226 gloria
918 4157 1067 4225 insignibus
1087 4161 1204 4207 cenver-

114 4233 173 4280 sutus
191 4243 341 4298 eorumque
361 4231 553 4282 consuetudine
581 4230 650 4282 bene
671 4245 734 4282 usus
754 4245 833 4297 quum
863 4243 969 4291 eorum,
988 4244 1056 4296 quae
1074 4236 1136 4279 ante
1155 4241 1205 4278 au-

114 4293 206 4354 diverat
225 4299 342 4368 plurima
362 4302 388 4352 in
414 4303 531 4356 ordinem
557 4302 711 4354 continuum
730 4302 842 4354 maxima
863 4310 989 4368 exparte
1009 4299 1202 4368 congessisset,

432 4375 443 4400 Ι
