2910 4896
177 381 398 450 nrsronrnn
421 379 681 449 amlnnuln
699 385 807 450 mx.
831 365 879 450 51
893 365 1018 450 -54,
1094 378 1185 450 261·

18 575 19 618 1
98 538 173 633 νέμην
200 549 313 631 καίπερ
345 543 439 622 είέοές
470 545 622 629 οἷκριβοός.
667 537 759 628 ὅρκον
771 567 803 610 τε
826 546 966 631 ἐπέθηκα
987 547 1023 634 τῇ
1044 544 1170 629 α’παγο·

96 643 197 729 ρεέσει,
231 647 287 711 καί
320 647 546 732 ἀφωρισμένος
579 643 732 730 ἐδεξάμην
751 639 831 710 εἶναι
859 644 922 710 ἀπὸ
947 648 1093 729 Χριστοῦ
1115 642 1169 709 oroi

95 747 269 830 τηνέκείνον
300 748 411 833 φιλίαν
433 746 454 832 ,ὃ
491 743 693 830 τρισάθλιος,
723 743 802 828 μήτε
829 743 1029 832 Ικολαστήρια
1064 746 1173 820 δείσας

95 850 176 925 θεοῦ,
216 848 285 932 μήτ’
326 846 452 931 α’νδροέν
486 848 708 930 πρεοματικοῖν
745 851 948 930 παραινέσεις
981 839 1172 922 othoniele?

18 969 19 994 ³
79 946 249 1030 λα’ρξάμενος
274 940 332 1014 οὖν
354 952 500 1034 διεξῆλθε
522 949 579 1023 τὰς
604 947 688 1028 ἐμοῦ
716 951 759 1039 τῷ
781 947 886 1039 θιάσῳ
907 954 970 1014 τῶν
993 954 1238 1024 Macalla-n

94 1051 140 1110 νῶν
159 1055 380 1133 πεπραγμένος
394 1049 550 1132 βεβήλους
581 1053 688 1139 ἐκείνῳ
708 1051 763 1112 καί
781 1049 932 1133 μυσαροῖς
953 1052 1113 1135 ἐργασίας,
1135 1049 1174 1128 ἐς

95 1143 166 1230 ἐραν
186 1148 272 1235 ἐχειν
292 1147 403 1234 ἥκιστά
426 1175 479 1230 μοι
497 1153 588 1215 δοκεῖ
604 1155 679 1216 καθ’
702 1149 820 1215 ἕκαστα
842 1153 943 1232 λέγειν
965 1151 1084 1234 α’ρτίως
1106 1150 1172 1233 ἐμέ,

18 1273 20 1336 ,
94 1255 136 1333 τῆς
155 1255 214 1316 τοῖν
235 1246 341 1317 ἄλλων
363 1250 579 1336 οἷνθελκοὺσης
599 1276 640 1333 με
673 1249 851 1335 βιαιότερον
875 1248 1024 1337 ἱστορίας.
1069 1249 1172 1332 ἔξεστι

18 1357 19 1360 ’
94 1352 144 1435 γὰρ
168 1353 263 1418 πάντα
289 1357 364 1416 καθ’
392 1355 524 1418 ἕκαστον
545 1352 778 1434 ἀναλέξασθαι,
809 1353 865 1416 καί
885 1353 960 1416 νοῦν
982 1355 1036 1416 καί
1057 1351 1174 1417 σκοπὸν

68 1455 136 1516 Ιθιοί
151 1457 259 1536 πρᾶξιν
278 1457 335 1518 καί
355 1451 446 1535 λόγον
467 1457 523 1518 καί
545 1456 654 1531 rancor
678 1451 813 1534 δύναμιν
834 1457 890 1519 καί
904 1457 983 1518 θεοῦ
1003 1459 1173 1537 μοικροθν-

92 1555 218 1631 μίονκαί
230 1552 264 1620 εἴ
276 1580 308 1617 τι
328 1556 482 1636 τοιοῦτον,
505 1551 596 1631 εἴτις
617 1556 739 1620 ἐπιέναι
754 1553 900 1636 βούλοιτο
915 1551 967 1619 τὸν
986 1578 1019 1618 τε
1039 1552 1173 1637 γενόμε-
1259 1568 1267 1585 ·

93 1675 134 1715 ιον
154 1655 302 1740 πρότερον
324 1659 378 1722 ἐπί
397 1659 436 1744 τῇ
456 1659 516 1720 τοῖν
536 1658 614 1720 νέων
631 1658 852 1720 Μασαλιανοῖν
879 1659 1004 1721 ἐκείνων
1025 1659 1080 1719 καί
1107 1661 1172 1720 Βο·

92 1757 211 1835 γομίλων
230 1757 355 1840 εὑρέσει
380 1762 555 1843 προφανῶς
579 1760 793 1840 ἐλεγχθέντων
815 1757 868 1820 ἐπί
887 1760 946 1821 τοῦ
959 1762 1050 1822 θείου
1075 1750 1183 1840 ὅρους,

93 1854 137 1917 κατ’
154 1858 211 1921 τεέν
240 1863 300 1940 μέν
325 1863 543 1924 κολασθέντων
574 1861 636 1922 τῶν
659 1859 687 1920 δ’
719 1860 921 1936 ἐξωσθέντων
953 1861 1093 1939 ἐκεῖθεν,
1118 1863 1172 1923 καί

66 1947 147 2035 luipo
166 1955 219 2022 τὸν
242 1960 388 2044 δεύτερον
418 1963 526 2024 τοῦτον
557 1958 595 2043 δη
619 1957 672 2024 τὸν
695 1957 748 2024 ἐπί
768 1961 810 2047 regi
842 1958 964 2050 ἐλεγμρῖ
985 1962 1046 2023 τοῦ
1067 1965 1169 2044 Σκορ-

93 2057 357 2142 πίοοποιραδβξως
380 2057 601 2142 ἐπισυμβέντα
633 2057 981 2144 θανματοοργησαντος
1013 2064 1069 2126 τοῦ
1091 2064 1171 2125 θεοῦ
1242 2088 1246 2094 ’

93 2160 159 2241 πρὸς
177 2157 233 2244 τη“ν
253 2149 460 2245 τοῦπροέτοο
481 2166 667 2244 βεβαίωσιν.
712 2165 901 2227 ἐκτέθεινται
916 2160 975 2245 γοὶρ
996 2161 1171 2248 ἐμφέτεροι

94 2263 120 2324 ἐν
135 2265 175 2349 τῷ
193 2265 275 2327 τέλει
288 2265 343 2346 τῆς
367 2263 532 2347 παρούσης
554 2262 709 2347 ἡμετέρας
728 2266 850 2344 βίβλον,
873 2258 894 2345 ἢ
915 2263 975 2348 την
993 2263 1173 2346 Ῥωμαϊκήν

96 2361 223 2442 διέξεισιν
245 2359 404 2449 ἱστορίαν·
456 2365 497 2426 ον’
516 2359 577 2446 γάρ
600 2360 766 2446 ἐκρίναμεν
795 2363 867 2427 δέον
890 2365 934 2440 εἷς
956 2359 1067 2447 ἑτέραν
1090 2365 1174 2428 ἐκεί-

18 2455 26 2540 l
66 2468 153 2538 λθνοος
171 2470 381 2548 μεταποιῆσαι
406 2465 545 2551 φράσιν,
565 2465 636 2528 ἀλλ’
660 2459 741 2529 εἶναι
763 2461 843 2529 κατοὶ
866 2463 923 2540 τοὶς
940 2467 1038 2544 λέξεις
1060 2466 1115 2528 καί
1134 2462 1174 2528 τοί

94 2585 126 2645 γε
143 2570 222 2629 coilo
253 2570 308 2631 κατ’
328 2565 475 2647 κόμματα
498 2567 552 2629 καί
579 2563 618 2631 τοὶ
652 2559 716 2651 ἤθη
736 2568 798 2631 τῶν
826 2569 953 2631 ἐννοιῶν
977 2563 1175 2649 α’μεταποιή-
1286 2611 1290 2619 ·

96 2687 174 2746 τους,
204 2666 246 2743 ὥς
269 2663 365 2749 ἐσχον
386 2670 509 2730 ἐκεῖθεν
529 2663 735 2751 ἐληλυθότες,
761 2667 819 2730 τοῦ
842 2667 1038 2751 οἷδιαβλὴτοο
1065 2664 1172 2749 χάριν.
1267 2668 1270 2679 '

97 2762 163 2847 πλὴν
183 2762 215 2830 ἐν
236 2766 334 2847 μόνον
358 2770 549 2850 σημειωτέον
572 2769 678 2848 τοντί,
710 2765 753 2841 uic
776 2763 837 2830 ini
864 2764 1021 2850 μάρτυσιν
1044 2763 1240 2841 ἐκείνοιςὸι

99 3071 259 3126 iusiurandum
278 3074 366 3126 addidi
384 3074 547 3141 professioni
567 3081 595 3126 ct
612 3081 750 3142 separatus
768 3072 850 3126 malni
870 3087 930 3125 esse
949 3089 964 3125 a
982 3072 1088 3126 christo
1109 3089 1176 3141 pro.

99 3151 147 3208 pter
164 3145 235 3199 illius
254 3147 397 3198 amicitiam
424 3147 586 3198 miserrimus
615 3161 665 3212 ego
693 3161 782 3214 neque
810 3159 924 3213 poenam
938 3147 1038 3196 timens
1061 3146 1176 3198 divinam

99 3227 172 3282 neque
198 3219 316 3270 virorum
348 3217 513 3268 cordatorum
547 3216 748 3269 adhortationes
775 3233 881 3270 verens.
907 3265 909 3268 .
931 3217 1065 3284 incipiens
1094 3219 1177 3286 igitur

101 3287 218 3341 enarrahit
236 3288 454 3342 massalianorum
480 3287 559 3340 simol
587 3290 614 3340 in
635 3288 684 3340 illo
705 3297 783 3340 coetu
811 3296 913 3356 patrata
930 3289 1034 3356 impura
1054 3296 1080 3339 ct
1099 3290 1176 3341 dcte.

100 3359 175 3409 ahala
193 3361 331 3424 facinora,
358 3360 478 3428 adquae
504 3361 609 3428 integro
636 3361 766 3412 narranda
784 3375 840 3429 non¹
865 3362 929 3412 ratis
948 3360 1012 3412 mihi
1033 3367 1177 3427 suppetere

100 3434 210 3495 temporie
229 3432 351 3496 videtur,
378 3432 457 3484 aliam
478 3433 505 3482 in
525 3439 626 3497 partem
653 3447 695 3481 mc
714 3430 848 3484 violenter
872 3431 995 3485 trahente
1013 3431 1177 3500 reliquarum

99 3515 172 3552 rerum
191 3503 311 3555 historia.
349 3503 415 3554 lieet
435 3505 504 3553 enim
526 3504 614 3553 omnia
632 3501 789 3572 singillatim
809 3503 941 3572 colligere
969 3511 995 3570 et
1013 3513 1128 3555 mentem
1151 3509 1177 3554 ct

100 3574 224 3625 consilium
242 3583 271 3626 et
288 3575 420 3627 actionem
438 3581 465 3636 et
482 3575 629 3625 orationem
649 3582 676 3625 et
693 3574 755 3625 mali
773 3575 826 3626 τίοι
847 3584 873 3626 et
887 3576 930 3626 dei
949 3575 1176 3644 longanimitatem

100 3649 121 3692 et
136 3646 155 3694 ni
174 3647 233 3713 quid
253 3645 327 3711 tale,
347 3647 447 3714 siquis
467 3646 541 3697 adire
559 3643 628 3696 velit
646 3661 725 3708 cum,
745 3647 790 3714 qui
812 3647 885 3712 prius
910 3647 1032 3699 interluit
1050 3647 1177 3697 iuvenum

98 3712 301 3769 hassalianorum
321 3717 428 3769 illorum
449 3714 687 3783 ctBogomilorum
709 3716 920 3782 deprehensioni.
936 3718 1078 3770 manifesto
1097 3731 1176 3767 coar.

99 3794 206 3850 gutorom
225 3789 252 3839 in
273 3789 365 3840 «livino
387 3795 617 3854 mastaurorum
630 3786 677 3838 alii
690 3789 814 3855 castigati
833 3796 903 3852 sunt,
921 3789 968 3856 alii
990 3789 1051 3840 indo
1072 3786 1178 3854 expulsi

18 3917 19 3928 ¹
100 3864 122 3908 ct
137 3858 209 3910 simul
227 3860 372 3912 secundum
395 3859 465 3910 huno
490 3859 557 3910 vidit
578 3859 607 3910 in
632 3860 806 3927 coargutione
825 3859 946 3927 Scorpii,
965 3868 1071 3928 praeter
1089 3875 1178 3911 rerum

99 3932 303 3982 consuetudinem
322 3929 450 3982 miracula
475 3937 597 3997 patrante
623 3931 673 3982 rleo
693 3930 725 3981 ad
749 3931 826 3998 primi
846 3930 919 3983 illius
939 3931 1058 3986 hominis
1077 3933 1177 3984 conlir.

98 3999 235 4052 mationem.
279 4002 429 4068 expositum
456 4009 497 4053 eet
521 4002 589 4052 enim
615 4001 648 4052 de
667 4009 780 4070 utroque
805 4003 833 4054 in
851 4002 903 4054 line
929 4003 1078 4069 praesentis
1098 3993 1177 4054 huius

98 4065 161 4133 libri,
178 4073 320 4124 llomauam
335 4071 472 4124 historiam
491 4073 648 4124 enarrantis.
668 4074 805 4124 nonenim
824 4074 999 4126 indicarimus
1016 4087 1083 4139 opus
1106 4088 1177 4138 asse,

100 4139 124 4190 in
138 4141 211 4194 aliam
230 4143 294 4195 illos
311 4143 456 4194 transferre
474 4143 670 4194 narrationem:
698 4145 745 4195 sed
765 4159 814 4211 par
833 4152 899 4208 erat,
919 4161 979 4197 esse
996 4147 1024 4196 in
1043 4146 1177 4196 orationi.

104 4207 146 4263 hus
164 4215 238 4266 etiarn
257 4214 323 4265 haec
336 4213 454 4267 membra
473 4223 499 4266 et
517 4216 616 4278 inciam
637 4222 664 4267 et
680 4222 799 4268 naturam
817 4218 1008 4269 sententiarum
1026 4215 1178 4267 immutabi-

101 4276 156 4348 len,
175 4284 495 4352 carolomanno
514 4286 617 4356 cgroeai
641 4285 846 4358 deeonprimue,
864 4303 899 4342 ne
918 4290 1179 4360 interrumperemus,
1285 4285 1286 4288 ’
