2910 4896
236 353 307 430 ros
539 357 763 428 urcmnom
794 357 1027 428 canaonas-
1114 337 1123 348 “
1204 379 1207 386 ·

232 525 428 607 τακονζηνοό
441 518 497 605 τη“ν
513 523 633 586 δειλίαν
648 520 810 603 ένεπαιήσε
829 522 932 602 μέρει.
974 510 1029 602 ἧκε
1048 518 1109 603 γὰρ
1126 522 1271 602 έλπίσας,
1296 519 1346 596 ῶς

233 623 325 710 φασί,
347 622 463 712 ῥφόίαν
494 621 581 710 αὐτῷ
601 620 657 704 την
679 621 733 720 ,εἰς
755 618 932 700 Βυζάντιον
953 620 1076 688 εἴσοδον
1097 618 1231 686 ἔσεσθαι
1253 618 1346 704 πρός

231 726 324 789 τινῶν
345 723 454 809 κρόφα
469 725 755 807 όιαμηνυσαμὲναιν
782 722 869 808 αυτῷ
882 720 943 804 πρό
966 725 1105 804 βραχέος
1126 719 1159 788 τό
1176 725 1234 786 τοῦ
1253 747 1347 812 συν-

232 825 373 910 θήματος
396 825 513 907 δρᾶμα.
555 827 625 889 έπεί
646 822 717 908 ’δ”ἦ
746 827 873 902 βασιλίς
896 821 1017 908 Εἰρήνη
1049 826 1194 910 διανέστη
1217 847 1252 888 τε
1275 848 1347 888 πα·

112 977 131 990 .,
232 929 386 1018 ραχρῆμα
419 927 474 989 καί
501 924 754 1008 όραστικτότερον
784 913 805 1006 ἢ
827 921 906 988 κατό
929 926 1112 1008 γυναικείαν
1139 925 1239 1013 φόρον
1261 925 1373 998 δια-5

233 1031 412 1112 νοησαμέτη
433 1027 490 1104 τός
510 1026 711 1108 πανταχόθεν
743 1024 1002 1104 όποπτευομένας
1028 1026 1173 1100 εἰσόδους
1194 1024 1347 1108 τάχιστα

234 1127 435 1214 η’σφαλίσατό
452 1151 485 1192 τι
515 1129 571 1192 καί
602 1127 666 1192 τῶν
688 1123 948 1205 όποπτευομένων
977 1124 1023 1192 ἔτι
1046 1125 1223 1209 προσώπων
1245 1125 1346 1201 ἐντός

234 1230 416 1305 Βυζαντίου
438 1226 496 1304 τός
513 1224 616 1311 όρμός
630 1226 786 1292 ἀνέστειλε
803 1225 887 1289 πάνυ
909 1231 1052 1309 τοχειόιις
1063 1225 1184 1310 χερσίν,
1205 1222 1347 1312 ἄπρακ-

168 1351 284 1403 ιυτον
305 1328 403 1405 αότόν
425 1332 459 1394 έν
480 1332 584 1414 τρισίν
606 1318 741 1412 ἡμέραις
771 1328 923 1392 ἀπελθεῖν
944 1322 1128 1410 ἒπεπρόχει.
1170 1330 1248 1392 δέκα
1274 1351 1346 1408 με·
1424 1404 1427 1414 ⁴

231 1426 309 1506 ταξό
332 1433 498 1514 παρῆλθον
522 1428 657 1513 ἡμέραι,
679 1427 735 1492 καί
755 1422 837 1518 ἄρας
865 1425 880 1492 ό
906 1425 1166 1512 Καντσκουζηνός
1188 1430 1220 1504 έξ
1241 1427 1389 1512 'Ope-10

231 1531 358 1604 στιόόος
387 1523 459 1612 ἧκεν
487 1534 532 1605 εἰς
563 1527 741 1608 Βυζάντιον
773 1527 826 1593 όιό
851 1531 962 1598 ταῦτα.
1012 1529 1068 1593 καί
1091 1523 1233 1592 όποπτον
1251 1526 1347 1611 ἔχων

231 1627 266 1694 ἰκ
288 1635 405 1695 πολλαό
436 1633 491 1696 τόν
522 1628 721 1715 πατριόρχην
750 1633 875 1698 πολλῶν
895 1654 927 1694 τε
959 1623 1063 1696 όλλων
1085 1631 1175 1696 ἓνεκα
1199 1632 1255 1694 καί
1281 1635 1346 1716 τῆς

232 1727 312 1812 πρός
336 1731 557 1814 Παλοιολόγον
589 1731 728 1811 μα’λιστα
750 1736 861 1817 φιλίας
887 1729 942 1793 καί
964 1729 1204 1816 ὁμοφροσύνης,
1229 1728 1345 1815 σοφόν

232 1825 318 1896 εἰναί
347 1827 376 1894 οἱ
413 1825 592 1912 νενόμισται
623 1840 736 1916 πεῖραν
763 1837 817 1896 καί
842 1836 898 1896 νόν
931 1833 1097 1916 εἰληφέναι
1122 1832 1176 1915 τῆς
1204 1832 1345 1916 γνοόμης

224 1934 341 2024 lunisoni.
385 1938 515 2016 πέμψας
539 1927 597 1998 σόν
620 1925 711 2017 ἤρετο
733 1936 764 1998 εἰ
791 1932 855 2018 χρη
878 1943 946 2008 ταῖς
967 1935 1028 1998 τῶν
1051 1937 1255 2015 στρατιωτῶν
1282 1933 1346 1998 καί
1354 1955 1385 2008 15

231 2036 295 2098 τῶν
314 2029 418 2110 ἄλλως
439 2033 579 2117 ἑχόντων
609 2039 822 2120 συγκλητικῶν
843 2033 970 2115 εἰζαντα
993 2039 1080 2117 βιόις
1110 2029 1165 2118 τόν
1185 2057 1220 2098 τε
1253 2037 1345 2100 α’να-

230 2138 379 2219 γόρευσιν
398 2141 456 2200 τοῦ
477 2134 572 2210 υἱέας
605 2135 754 2202 ένόσόναι
779 2137 955 2202 Mardocha
983 2141 1133 2218 γενέσθαι
1143 2179 1154 2218 ι,
1189 2139 1243 2200 καί
1263 2133 1343 2215 ἅμα

231 2241 275 2325 τῷ
293 2241 351 2302 aad
368 2237 517 2321 γόμβραό
531 2237 758 2319 Παλαιολόγου
780 2237 1012 2322 όμνημσσόνην.
1056 2231 1074 2298 ό
1094 2239 1121 2300 δ’
1136 2235 1204 2300 odoi
1222 2229 1343 2320 ῶιιραις

116 2351 120 2355 ’
230 2340 379 2419 η’νέσχετο
401 2341 555 2416 δέξασθαι
577 2348 642 2414 τοῖς
661 2340 752 2420 ῶσίν,
776 2336 857 2403 α’λλό
878 2341 1086 2421 τραχυτέροις
1108 2359 1140 2402 τε
1162 2333 1341 2403 α’πεαόσατο
1377 2393 1381 2405 ,

231 2439 346 2520 λόγοις,
366 2442 420 2503 καί
440 2433 507 2517 όμα
530 2443 563 2512 ές
592 2437 648 2522 την
672 2440 844 2522 όστεραιάν
876 2441 933 2502 τοῦ
954 2437 1185 2521 πατριαρχείσυ
1206 2439 1384 2516 ἐξίστα-ρο
1425 2443 1428 2450 “

230 2563 306 2602 ται·
347 2539 401 2602 καί
424 2536 520 2615 αότός
542 2543 602 2619 μέν
630 2541 664 2603 έν
698 2544 736 2625 τῇ
766 2545 822 2604 aod
844 2544 1040 2604 Ἀθανασίυυ
1067 2537 1220 2605 καταλόει
1242 2545 1341 2628 μονῇ,

91 2647 112 2705 ἰ.
129 2646 179 2703 107
193 2636 268 2706 στῶ
291 2640 326 2704 δέ
347 2639 528 2726 σκευοφόρα
550 2645 582 2715 ἐς
607 2642 664 2724 τόν
688 2643 746 2704 τοῦ
765 2642 857 2722 όγιόυ
882 2639 1060 2720 Μόμαντος
1085 2642 1341 2726 οἰπεφορτιζοντσ
1453 2641 1454 2674 ¹

229 2740 338 2825 μονήν,
360 2735 399 2824 ἢν
418 2741 479 2826 πρό
496 2739 653 2827 τεττόροον
675 2743 830 2806 ἐνιαυτῶν
852 2745 1080 2828 σφετεριζεται.
1101 2737 1227 2823 βραχός
1250 2742 1340 2804 έκεῖ-

231 2845 289 2905 θεν
311 2841 409 2929 έρρόη
430 2839 566 2929 χρόνος,
588 2844 645 2908 καί
656 2847 831 2919 Μαιθαῖος
855 2844 872 2908 ό
892 2843 949 2906 τοῦ
970 2845 1240 2926 Καντακουζηνοό
1264 2837 1339 2918 υἰός

231 3138 315 3191 festos
335 3135 384 3190 ille
404 3137 488 3190 luisse
505 3138 563 3191 lore
580 3145 610 3190 ut
628 3138 709 3191 facile
720 3135 878 3204 Byzantium
896 3135 1019 3190 introiret
1033 3135 1101 3189 clam
1114 3135 1233 3204 acceptis
1252 3135 1337 3191 brevi

230 3212 264 3263 de
282 3224 370 3262 rernm
391 3211 545 3261 conditione
564 3212 674 3262 nuntiis.
699 3211 778 3262 Irene
797 3216 884 3260 autem
903 3211 995 3278 regina
1016 3225 1094 3278 quum
1113 3208 1200 3260 subito
1218 3225 1249 3260 se
1269 3226 1337 3263 ere·
1360 3261 1365 3271 ,
1451 3219 1452 3270 ξ

230 3281 315 3333 xisset
336 3288 363 3330 ct
380 3280 467 3332 animo
492 3283 595 3333 acriore
615 3297 691 3350 qnam
710 3296 763 3350 qno
781 3281 909 3333 mulieres
928 3280 1025 3344 solent,
1046 3296 1134 3332 rerum
1155 3281 1336 3348 gerendarum

233 3349 374 3405 consilinm
394 3353 526 3420 cepisset,
545 3352 656 3404 lubricis
675 3353 774 3422 ubique
792 3353 844 3404 viis
873 3367 949 3419 quam
970 3351 1111 3403 celerrime
1129 3353 1238 3402 munitis
1257 3360 1286 3404 et
1308 3355 1336 3404 in

231 3421 392 3492 periculosis
420 3423 544 3489 Byzantii
578 3423 785 3494 propugnaculis
815 3424 950 3490 copiarum
989 3421 1157 3474 multitudine
1188 3423 1335 3488 collocata,
1450 3459 1451 3462 κ

231 3493 316 3546 tribus
337 3500 400 3560 post
417 3493 511 3546 diebus
543 3512 601 3548 eum
627 3497 734 3548 iniectis
761 3493 840 3546 rebus
864 3491 938 3546 abire
967 3495 1067 3562 coegit.
1110 3495 1201 3547 decem
1227 3495 1335 3548 interea
1450 3505 1451 3522 λ

231 3562 422 3634 praeterlapsis
445 3564 539 3619 diebus
552 3569 755 3622 Cantacuzcnus
771 3565 909 3619 Orestiade
928 3564 1023 3617 relicta
1041 3565 1199 3631 Byzantium
1218 3564 1254 3617 ob
1274 3582 1333 3618 eam
1405 3613 1410 3626 ,

232 3651 337 3689 cansam
356 3637 453 3690 itinere
476 3640 621 3691 contendit.
660 3647 687 3690 et
709 3654 786 3707 quum
806 3638 833 3688 in
853 3636 1007 3703 suspicione
1027 3636 1201 3704 patriarcham
1220 3637 1334 3690 haberet

232 3723 290 3760 cum
309 3707 343 3758 ob
362 3709 429 3760 alias
451 3725 543 3762 causas
563 3719 616 3762 tum
634 3712 800 3779 potissimum
821 3707 855 3758 ob
875 3709 1016 3760 amicitiam
1036 3724 1086 3776 qua
1104 3710 1287 3776 propenderet
1304 3710 1332 3760 in

233 3777 433 3849 Palaeologum,
453 3782 657 3848 prudentissime
678 3782 728 3834 sibi
749 3782 823 3832 visus
845 3787 886 3831 est
906 3781 1068 3847 experiendo
1095 3795 1155 3832 esse
1175 3781 1232 3831 eius
1253 3781 1280 3831 in
1301 3795 1331 3832 se

232 3848 398 3903 voluntatem
416 3850 613 3904 intellecturus.
650 3854 722 3904 misit
739 3853 822 3922 igitur
841 3851 885 3919 qni
914 3866 999 3903 exeo
1019 3839 1258 3920 quaererenlnnm
1279 3852 1330 3902 mi-

232 3921 309 3974 litum
329 3929 356 3973 ct
374 3931 524 3975 senatorum
545 3924 646 3975 viribus
666 3925 763 3976 cedens
783 3922 972 3991 persuaderet,
999 3932 1028 3974 ut
1048 3922 1194 3977 Matthaeus
1212 3937 1262 3974 rex
1281 3923 1331 3974 de-

232 3991 379 4045 clararetur
399 4002 425 4046 et
444 3993 608 4064 Palacologo
628 4011 724 4047 socero
743 3997 938 4064 ignosceretur.
977 4010 1045 4061 quae
1059 3994 1107 4046 ille
1127 4009 1205 4062 quum
1217 3991 1330 4043 moleste

232 4063 303 4115 ierre
324 4064 460 4117 videretur
486 4072 513 4116 et
541 4067 695 4133 asperrimis
723 4067 813 4118 verbis
841 4067 985 4130 reliceret,
1010 4081 1043 4117 ex
1067 4063 1245 4133 patriarchica
1266 4062 1329 4115 sede

231 4135 334 4188 eiectus
353 4143 394 4187 ost
413 4137 551 4203 postridie.
589 4138 647 4204 ipse
669 4137 738 4204 apud
752 4136 926 4190 Athanasium
944 4137 1072 4200 divertit,
1100 4135 1224 4204 supellex
1242 4141 1330 4186 autem

230 4207 258 4258 in
277 4205 316 4259 St.
338 4209 475 4260 diamantis
489 4207 652 4260 mansionem
671 4215 849 4275 transportata
867 4215 917 4272 est,
939 4223 1015 4276 quam
1034 4215 1097 4259 ante
1116 4213 1230 4276 quatuor
1247 4217 1330 4256 annos

229 4277 281 4330 sibi
300 4286 409 4340 emerat.
446 4279 523 4334 brevi
544 4280 606 4336 inde
624 4287 746 4348 ternpore
764 4278 965 4348 praeterlapsis,
985 4278 1131 4336 Matthaeus
1150 4274 1332 4333 Ganmcuren't
