2880 4910
84 267 87 272 ⁵
174 317 398 386 nrsromne
420 259 677 388 summurn
693 323 790 387 xxx.
808 303 995 390 68-71,
1065 315 1138 386 aar
1214 315 1220 325 ·

65 501 103 540 νοι
122 487 181 554 τοῖς
201 483 472 564 παραδεδομέναις
494 477 556 546 άπὸ
578 486 634 548 τοῦ
651 482 835 563 πνεύματος,
855 479 900 564 μή
921 483 996 566 παρ’
1017 473 1138 546 ἑαυτοῦ

64 584 280 662 φιλοτιμεῖσθαι
293 577 499 663 καινοτομεῖν,
523 581 604 649 άλλά
626 593 690 658 τοῖς
704 587 1025 667 προκατηγγελμένοις
1048 579 1136 666 παρά

62 679 106 740 τάν
125 676 220 761 άγέων
249 667 495 765 ἐφησυχάζειν.”
544 681 560 746 δ
596 686 632 747 δέ
662 681 717 766 τη“ν
748 687 890 766 γλῶτταν
914 686 1056 766 χρυσοῦς
1081 681 1136 746 καί

63 779 138 854 αι’τδς
157 780 350 860 ὁμοιως·“ἐν
369 793 438 858 ταῖς
459 788 583 859 θειάις”
608 782 689 869 φησί
702 782 865 868 αγραφαῖς
891 783 969 848 tetra
992 779 1026 845 ἓν
1046 775 1066 867 ἢ
1083 806 1136 846 κε·

45 879 137 962 apcius
156 885 232 963 μιάν
265 888 489 969 παραδραμεῖν
521 885 577 948 οάκ
597 885 748 970 α’ζὴμιον,
771 878 850 949 άστε
879 881 981 949 πάντα
1012 886 1138 968 διερευ-

61 985 160 1047 νᾶσθαι
176 985 271 1069 χρή.”
326 983 459 1068 άκὴκοοις
488 990 518 1051 δ’
543 980 635 1068 οἶμαι
664 983 725 1070 πρδ
756 987 893 1068 βραχέος
923 986 1064 1049 ἐνταῦθα
1084 984 1139 1050 κατ’

62 1085 83 1147 Γ
82 1087 218 1168 ρηγορίου
241 1090 300 1152 τοῦ
322 1085 455 1172 Νάσσης
472 1084 547 1153 “aad
573 1088 609 1154 τά
633 1094 674 1176 τῇ
695 1086 847 1174 σαρκένη”
869 1083 1138 1172 φάσκοντος“πε-

61 1189 152 1272 ριβολῇ
173 1188 231 1270 τήν
253 1187 353 1273 φάσιν
367 1189 457 1272 ἡμῶν
472 1189 710 1273 περιεέργεσθσι
726 1191 954 1271 φανερωθῆναι
975 1192 1036 1254 τῶν
1058 1187 1139 1270 ἡμε-

63 1271 142 1368 τέρων
162 1294 219 1350 τοῦ
245 1292 301 1352 rosi
332 1292 512 1374 κινημάτων
533 1290 577 1376 μή
603 1293 809 1371 δυναμένων,
832 1283 1011 1370 ἀναγκαίως
1032 1289 1138 1353 καθά-

33 1394 105 1467 iosap
124 1396 236 1470 σημεῖα
265 1397 329 1464 τοῖς
361 1392 527 1474 πράγμασι
559 1389 616 1465 τάς
646 1387 737 1464 ποιάς
766 1393 829 1454 τῶν
850 1388 1008 1466 ὀνομάτων
1030 1391 1136 1466 θέσεις

63 1489 275 1572 ἐπιβάλλοντος,
298 1492 338 1553 δι’
352 1495 489 1566 ,ἐκείνων
512 1490 569 1567 τάς
592 1494 649 1557 τοῦ
669 1493 730 1555 νοά
751 1485 887 1576 κινήσεις
909 1487 1057 1573 &diditus
1080 1494 1138 1575 δη·

61 1585 252 1668 μοσιεάομεν·
295 1593 350 1654 κατ’
369 1591 480 1656 τούτου
502 1588 600 1675 χάριν
620 1595 663 1680 τῷ
677 1595 737 1672 μέν
755 1615 816 1656 τινι
838 1593 900 1655 τάν
918 1582 1018 1655 ὄντων
1039 1581 1137 1673 ὄνομα

62 1686 176 1770 ου’ρσνόν
198 1692 364 1774 ἐθέμεθα,
388 1689 483 1782 ἑτέρῳ
517 1697 551 1758 δὲ
573 1699 630 1777 γῆν
654 1698 705 1756 καὶ
731 1686 814 1780 άλλρι
838 1685 913 1756 άλλο
934 1715 983 1756 τι.
1028 1689 1081 1756 κατ’
1102 1692 1257 1761 τδέ.147ε.

61 1792 126 1872 πρός
143 1816 172 1855 τι
192 1796 258 1870 παῖς
280 1790 366 1876 ἔχειν
388 1790 409 1877 ἢ
429 1793 465 1858 τά
488 1799 625 1877 ἐνεργεῖν
649 1789 722 1876 dri
744 1795 890 1876 πάσχειν,
910 1795 1010 1859 ταῦτα
1033 1791 1137 1862 πάντα

33 1891 242 1970 15ἰδιαζοάσαις
265 1896 553 1979 ἐπισημαινόμεθαν
566 1905 637 1970 ταῖς
661 1903 792 1980 φωναῖς,
814 1893 855 1968 ὥς
876 1889 916 1958 άν
935 1895 980 1977 μὴ
1004 1894 1138 1960 άκοινω-

62 1991 138 2073 νητός
167 2018 200 2059 τε
238 1999 292 2060 κατ’
320 1988 476 2079 άγνωστος
509 1995 528 2079 ἦ
558 1998 615 2061 τοῦ
636 1999 691 2059 νοῦ
721 1997 841 2080 κίνησις
861 1997 894 2058 έν
925 1991 999 2078 ἡμῖν
1020 1995 1140 2078 μένοι.”
1205 2047 1210 2074 ,

62 2082 149 2168 άλλως
168 2120 201 2159 τε
222 2097 277 2160 καί
299 2096 470 2180 ἐπειδήπερ
506 2089 627 2170 ἅπαςά
655 2098 718 2158 τῶν
743 2094 923 2178 άνθροάπων
953 2100 1021 2177 βιός
1040 2094 1205 2181 privetu
1264 2174 1269 2190 ἱ

62 2195 107 2256 κατ’
124 2196 223 2276 νάμοις
245 2206 309 2273 τοῖς
334 2195 387 2261 διά
413 2198 564 2283 ῥημάτων
578 2221 611 2263 τε
633 2197 688 2260 καί
707 2195 903 2281 γραμμάτων
927 2201 1139 2277 οἰκονομεῖται

61 2294 107 2356 aul
122 2299 291 2382 διοικεῖται,
314 2298 402 2382 καίἡ
425 2289 486 2380 μέν
509 2294 606 2385 φάσις
631 2291 765 2361 άτακτον
786 2296 840 2360 καί
862 2293 1040 2380 desinatur,
1062 2297 1079 2360 ὅ
1104 2301 1139 2362 δέ

32 2390 140 2474 λλνάμος
158 2388 323 2483 εὔρυθμόν
345 2423 376 2463 ιε
397 2403 453 2463 καί
481 2403 666 2482 τεταγμένον
689 2401 744 2462 καί
763 2397 900 2479 ὁμαλόν,
927 2399 957 2464 εἰ
977 2402 1029 2464 σοι’
1051 2423 1139 2464 πεισ-

61 2497 152 2572 θέντες
172 2501 342 2582 άπρακτεῖν
362 2499 517 2583 ἐάσαιμεν
536 2500 593 2583 τὴν
613 2504 675 2566 τῶν
698 2496 850 2586 ῥημάτων
871 2503 926 2564 κατ’
940 2502 1139 2588 γραμμάτων
1188 2586 1192 2592 ¹

60 2590 187 2681 δύναμιν,
209 2602 265 2664 ουίι
290 2595 329 2665 άν
341 2600 520 2686 φθάνοιμεν
532 2601 639 2688 κωφὸν
663 2606 718 2667 κατ’
738 2603 873 2684 μάταιον
898 2596 1138 2678 άποδεικνάντες

61 2693 106 2780 τὴν
122 2696 282 2785 έγκάσμιον
307 2701 423 2788 ταύτην
458 2702 513 2767 κατ’
544 2701 734 2785 θαυμασίαν
764 2706 891 2787 ποτἠσιν
907 2702 966 2767 rori
985 2705 1063 2766 θεοῦ
1085 2706 1142 2768 κατ’

62 3000 106 3054 iun
125 3008 156 3060 sit
179 3010 208 3062 iu
227 3009 356 3062 demendo
368 3010 469 3080 aliquid
488 3019 533 3063 aut
550 3009 670 3066 addendo
681 3009 715 3061 iis
726 3024 794 3078 quae
813 3008 937 3075 aspiritu
953 3007 1048 3061 tradita
1067 3014 1138 3074 sunt,

63 3089 107 3126 non
124 3095 154 3131 ex
177 3098 206 3134 se
227 3083 335 3134 studere
361 3099 404 3134 res
432 3099 516 3135 novas
535 3082 625 3134 moliri
651 3082 697 3134 sed
722 3083 802 3133 iniis
822 3096 890 3149 quac
913 3097 928 3132 a
949 3081 1047 3132 sanctis
1066 3097 1138 3132 nun.

64 3146 119 3199 ciata
135 3161 193 3205 suut
211 3154 394 3220 acquiescere.
432 3155 636 3220 chrysostomus
662 3161 749 3204 autem
767 3153 890 3204 similiter
909 3160 935 3203 et
959 3152 1018 3218 ipse
1042 3153 1070 3204 in
1095 3152 1138 3203 di-

63 3217 134 3285 ainis,
152 3224 252 3293 inquit,
272 3225 412 3292 scripturis
432 3241 511 3276 uuum
531 3227 586 3277 iota
605 3234 650 3277 aut
675 3240 754 3276 unum
786 3226 887 3291 apicem
913 3220 1062 3292 negligere,
1084 3237 1137 3274 non

65 3296 98 3338 est
112 3293 230 3360 impune,
262 3297 298 3347 ita
322 3304 350 3347 ut
378 3297 405 3346 in
432 3298 518 3348 omnia
544 3297 681 3364 inquirere
700 3292 851 3348 debeamus.
897 3295 1021 3347 audivisti
1040 3303 1137 3358 autem,

64 3361 159 3430 opinor,
177 3367 258 3434 paulo
277 3377 356 3419 antea
384 3368 428 3418 bic
448 3371 527 3420 etiam
546 3385 592 3433 ευ,
619 3383 687 3436 quae
707 3368 852 3436 Gregorius
871 3367 1005 3433 Nyssaeus
1022 3369 1074 3432 ait,
1094 3367 1139 3434 qui

64 3429 127 3484 dicit:
146 3439 267 3506 quoniam
280 3455 338 3490 cum
356 3455 435 3490 cerne
454 3439 630 3491 circumclusa
645 3447 738 3491 natura
748 3447 837 3490 nostra
854 3441 1013 3491 circumdata
1032 3441 1067 3490 sit
1079 3454 1138 3490 mo-

63 3501 137 3556 tiones
153 3519 258 3562 nostrae
276 3511 372 3568 mentis
391 3526 445 3563 non
465 3520 575 3577 possunt
592 3510 733 3575 declarari,
750 3512 904 3561 necessario
921 3519 1043 3579 tanquam
1062 3511 1140 3578 signa

63 3572 129 3627 rebus
141 3589 222 3632 certas
235 3584 371 3634 nominum
396 3585 603 3650 compositiones
622 3585 798 3648 imponentes,
817 3580 873 3632 illis
892 3583 987 3633 mentis
1007 3582 1138 3632 motiones

62 3644 181 3702 nobiscum
195 3654 312 3706 invicem
332 3654 567 3706 communicamus:
589 3662 615 3705 et
635 3653 704 3705 banc
717 3653 750 3705 ob
768 3669 822 3704 rem
845 3652 892 3703 alii
911 3654 950 3704 rei
972 3667 1068 3704 nomen
1087 3653 1139 3701 im.

63 3719 168 3777 vonimus
187 3725 268 3789 coeii,
288 3725 336 3776 alii
355 3741 451 3777 nomen
471 3734 575 3777 terrae:
594 3724 639 3776 alii
653 3724 740 3790 aliud,
764 3732 791 3775 et
809 3724 904 3775 referri
923 3724 955 3774 ad
975 3723 1140 3792 aliquidaut

64 3786 157 3844 eiicere
174 3805 218 3848 aut
236 3797 322 3861 affici,
352 3797 418 3849 baec
437 3798 524 3849 omnia
543 3798 657 3864 propriis
684 3797 863 3864 significamus
886 3795 1014 3847 νοσέουσι
1041 3809 1076 3847 ne
1094 3796 1139 3846 in.

64 3871 181 3926 conperta
202 3876 228 3920 et
245 3869 383 3936 incognita
402 3871 498 3920 mentis
522 3871 604 3920 motio
625 3871 651 3920 in
670 3868 748 3920 nobis
765 3875 878 3919 manent.
903 3867 1059 3934 praesertim
1081 3883 1139 3917 cum

59 3934 135 3984 omnis
151 3936 281 3991 homiuum
301 3942 356 3992 vita
375 3949 468 3992 natura
488 3948 514 3991 et
534 3940 636 4006 regulis
651 3940 790 3992 verborum
811 3947 838 3989 et
856 3937 992 3990 literarum
1011 3939 1139 4004 dispoua.
1178 3977 1188 3994 .

64 4005 102 4050 tur
117 4014 139 4057 et
155 4010 364 4063 administretur:
384 4020 463 4080 atque
480 4019 574 4062 natura
601 4013 705 4079 quidem
732 4012 790 4062 sine
809 4012 902 4062 ordine
922 4018 962 4061 est
981 4017 1008 4061 et
1028 4023 1137 4061 norma:

63 4067 105 4122 lex
119 4087 197 4132 autem
215 4083 339 4148 rhythmo
359 4092 399 4134 est
419 4084 537 4150 praedita
557 4091 584 4134 et
603 4084 695 4134 ordine
710 4089 737 4132 et
752 4095 852 4146 norma,
873 4082 896 4132 si
915 4089 941 4132 te
960 4083 1046 4133 secuti
1064 4082 1140 4133 sina-

64 4157 114 4194 mus
132 4152 265 4205 verborum
289 4164 316 4206 et
334 4154 469 4206 literarum
498 4156 549 4205 vim
567 4152 668 4206 nullius
696 4155 822 4205 momenti
840 4168 916 4216 esse,
941 4154 1029 4206 statim
1054 4155 1139 4205 simu-

64 4210 144 4286 latque
164 4224 282 4278 obtusum
297 4234 324 4280 et
342 4241 438 4281 vanum
457 4227 626 4294 praebuimus
644 4226 696 4278 boc
715 4233 835 4279 ornatum
855 4232 882 4277 ct
898 4223 1054 4278 admirabile
1073 4236 1139 4294 opus
1200 4250 1203 4256 ·
