2992 4918
298 363 522 430 ursronnn
549 362 809 428 arcanarum
837 364 935 428 πυτ.
969 347 1008 427 3.
1191 359 1214 430 5

123 535 217 598 λε’κειν
238 528 445 610 ποιούμενος·
489 526 533 603 οδς
553 519 611 591 νύν
632 547 667 609 γε
697 527 753 589 καί
772 527 816 614 aql
840 527 896 609 τῆς
915 519 1030 609 ἡδονῆς
1053 523 1217 608 ύπερβόλ-

122 643 201 700 λοκτι
221 627 400 698 κινδυνεύω
434 630 538 694 δοκεῖν
568 625 765 694 ἐκλαθέσθαι
786 652 853 704 πως
876 629 932 692 καί
958 629 1116 709 ἐμαυτοῦ,
1138 629 1215 710 μηδ’

122 735 257 818 όκριβτός
287 716 408 798 εἰδέναι
435 726 496 795 εἴτε
523 731 734 802 καθεύδοντος
768 726 804 794 τό
839 729 985 794 τοσοῦτον
1018 729 1129 810 χρῆμα
1160 729 1217 812 τῆς

121 831 226 920 ἡδονῆς
247 838 461 918 περιγίνεται,
484 828 551 896 εἴτε
581 827 772 915 ἐγρηγορότι.
829 821 912 894 ούτω
934 851 989 908 μοι
1012 829 1157 913 σφοδρὸν
1179 824 1214 892 τό

98 932 218 1010 5πόθος
239 934 297 1000 καί
315 937 463 1009 ε’πιεικτός
486 927 600 997 ότοπον
617 926 801 1015 ἐνέστακται
822 933 860 1018 τῇ
882 932 985 1017 ψυχῇ,
1011 933 1067 994 καί
1082 930 1216 1010 μοι’μα.

122 1039 180 1124 κρῷ
199 1037 263 1102 τινί
284 1038 410 1118 βέλτιον
433 1027 516 1098 εἶναι
536 1035 640 1112 δοκεῖ,
663 1029 768 1108 κύσας
788 1030 843 1106 τοὶς
864 1035 941 1105 τέως
960 1027 1084 1110 μακρός
1105 1031 1218 1112 περιό-

121 1140 190 1214 δους
209 1140 267 1222 γῆς
290 1135 346 1200 καί
357 1135 517 1218 θαλάττης
540 1133 703 1220 όφεμένρι,
733 1137 788 1197 καί
806 1130 862 1210 τός
883 1126 985 1207 ούτως
1004 1131 1217 1212 οἰτεκμύρτους

119 1238 233 1314 πλύνας
265 1240 323 1302 τού
349 1238 442 1318 βίον,
465 1235 503 1299 αἴ
518 1257 559 1316 με
581 1237 707 1318 μακρού
729 1230 811 1307 τινός
842 1234 1068 1317 περιαντλούοι
1095 1232 1217 1315 χρόνου

119 1336 250 1421 μόχθοις
282 1326 452 1421 ἀνηνύτοις
469 1333 680 1418 λατρεύοντα,
700 1337 756 1397 νύν
779 1335 948 1413 ἐνταυθοῖ,
979 1333 1138 1413 σεβασμία
1159 1354 1216 1411 μοι

82 1437 252 1524 1οκεφαλή,
275 1435 363 1522 παρὰ
377 1435 454 1514 τούς
478 1437 579 1510 πόδας
600 1433 673 1510 τούς
688 1433 765 1509 σούς
783 1431 837 1498 τόν
852 1435 1056 1517 ταλαίπωρον
1074 1431 1215 1514 κάμψειν

119 1541 212 1621 βίον.”
256 1534 357 1603 πολλοί
379 1561 414 1602 τε
435 1529 492 1601 ούν
513 1533 634 1602 ἐκείνου
656 1537 786 1600 τοιούτα
811 1533 973 1618 λέγοντος,’
991 1531 1046 1598 κατ’
1069 1529 1136 1614 ύμα
1160 1534 1217 1595 δα-

118 1640 220 1726 κρύων
239 1636 492 1724 α’ναρρηγνύντος
514 1640 547 1718 ἐξ
561 1636 741 1724 ὀφθαλμῶν
755 1639 886 1726 ῥύακας,
909 1639 1112 1718 α’τενέστερον
1127 1632 1214 1717 κύγιό

118 1739 170 1819 τός
193 1735 290 1824 ὄψεις,
318 1737 569 1824 ἀπερεισάμενος
603 1742 636 1814 ἐς
655 1737 772 1823 αύτόν,
804 1739 910 1823 η’ρέμα
939 1733 993 1802 καί
1022 1737 1090 1799 κατ’
1115 1737 1216 1816 ὀλίγον

120 1840 410 1927 α’ναγνωρισμύτων
430 1836 505 1960 ἴχνη
526 1839 595 1904 τινύ
618 1845 782 1922 συνέλεγον
805 1832 865 1924 ἤδη
892 1844 945 1903 κατ’
974 1836 1069 1910 αύτὸς
1092 1837 1137 1910 εἰς
1158 1834 1217 1918 τὴν

86 1946 257 2021 15ἐμουτού
280 1941 442 2022 διάνοιαν,
473 1935 555 2005 ίόστε
577 1944 632 2004 και
652 1935 803 2018 rcts‘oog<¹
787 1964 873 2015 οστις
901 1937 950 2024 εἰη
972 1937 1128 2021 α’ναγνούς
1152 1935 1214 2018 ύψὲ
1270 1973 1272 1979 ·

121 2045 266 2128 δακρύων
298 2043 352 2108 καὶ
383 2038 478 2116 αύτός
501 2025 701 2126 ε’πεπλῆσμην
729 2042 804 2118 τούς
831 2039 1042 2125 ὀφθαλμούς,
1075 2035 1217 2118 ξυμμιγῆ

120 2170 182 2219 πως
208 2147 252 2231 τῷ
284 2143 434 2208 λυποῦντι
460 2141 516 2228 την
537 2147 653 2227 τέρψιν
679 2143 913 2226 καρπούμενος·
968 2147 1060 2227 φιλεῖ
1075 2135 1138 2258 γὰρ
1158 2138 1216 2200 κύκ

120 2248 171 2328 τῆς
195 2245 347 2330 ἧδονῆς’
331 2241 431 2308 ενίοτε
459 2242 582 2329 θερμόν
611 2243 877 2329 α’ναρρήγνυαθαι
907 2243 1058 2327 δάκρυον,
1080 2243 1138 2304 πού
1160 2265 1216 2320 της

121 2344 262 2426 ἀθυμίας
284 2349 405 2409 καπνοῦ
429 2345 640 2425 διαλυομένου
658 2368 693 2409 τε
715 2345 770 2409 καί
781 2346 967 2427 ω’θουμένου
988 2346 1026 2432 τῇ
1046 2346 1102 2427 τῆς
1125 2345 1219 2406 ἐναν-

85 2445 187 2520 2οτίας
211 2449 305 2525 ἕξεως
338 2448 548 2536 α’ντιπαθείρι,
576 2435 726 2530 καθάπερ
750 2443 803 2511 διό
838 2441 986 2530 σωλήνων
1014 2447 1077 2510 τῶν
1110 2435 1217 2526 ὄψεων
1227 2455 1247 2508 r.
1266 2455 1328 2510 9da

122 2549 144 2585 ‘¹
167 2549 221 2630 τῆς
245 2546 373 2633 φύοεως
395 2548 453 2634 τὴν
475 2543 579 2632 οῗλμην
602 2545 751 2631 κενούαης
781 2548 835 2633 τῆς
857 2545 978 2632 λύπης,
1009 2546 1063 2611 καί
1091 2543 1124 2610 τό
1155 2544 1218 2627 βύ-

123 2669 173 2730 ρος
203 2642 494 2733 όποτινασυομύνης
524 2652 623 2714 ἐκεῖνο
643 2646 788 2733 καθάπερ
817 2647 905 2722 τινας
932 2646 1047 2722 νόθους
1076 2645 1131 2711 καί
1154 2669 1219 2728 ποι-

124 2748 342 2833 ρεγγρύπτους,
357 2752 456 2834 κῆρας
478 2750 533 2815 καί
555 2747 679 2835 νόσημα
698 2747 796 2835 ἔπηλυ
827 2752 995 2833 λογισμῶν.
1040 2741 1077 2831 ἧν
1099 2771 1133 2830 γε
1155 2747 1218 2829 μὴν

125 3083 173 3135 qne
194 3066 326 3130 omnibus,
349 3080 418 3132 quae
438 3065 544 3118 suntin
564 3065 620 3117 vita
641 3063 746 3128 dulcia,
765 3078 871 3131 semper
890 3062 1022 3148 potiorem
1039 3060 1129 3125 habui,
1150 3061 1217 3112 adeo

125 3147 151 3188 ut
169 3153 241 3190 nunc
261 3153 327 3205 prae
346 3137 428 3188 nimia
450 3145 529 3205 atque
550 3137 689 3188 immodica
707 3101 845 3218 voluptate
863 3136 915 3186 mei
933 3135 1017 3202 ipsius
1036 3148 1121 3200 prope
1147 3132 1220 3185 obli.

125 3218 163 3261 tus
184 3225 244 3262 esse
265 3209 376 3272 videar,
395 3223 484 3277 neque
509 3209 574 3260 satis
597 3215 671 3259 certo
698 3208 779 3260 sciam
807 3223 870 3258 num
892 3207 1025 3259 dormiens
1051 3222 1083 3257 an
1102 3205 1220 3274 vigilans

126 3282 248 3332 immensa
269 3279 319 3331 bac
338 3245 478 3346 voluptate
500 3279 653 3364 perfundar.
691 3287 743 3330 tam
761 3278 906 3331 vehemens
930 3280 998 3330 enim
1017 3286 1277 3346 tamquepror-1

125 3368 166 3403 sus
186 3352 297 3403 insolita
316 3353 459 3404 commotio
482 3352 581 3404 invasit
601 3353 726 3416 animum,
748 3358 777 3402 ut
791 3349 875 3401 multo
894 3351 959 3401 mihi
979 3350 1075 3402 melius
1097 3350 1220 3402 videatur

127 3423 242 3475 omnibus
257 3422 319 3474 illis
330 3422 434 3507 longis
458 3431 546 3477 terrae
572 3424 705 3491 marisque
727 3422 868 3474 itineribus
890 3429 917 3472 et
938 3429 991 3472 tam
1011 3421 1121 3473 incertis
1148 3422 1221 3474 vitae

126 3495 257 3546 erroribus
284 3495 409 3559 omissis,
443 3495 489 3574 qui
515 3510 557 3545 me
584 3493 693 3561 longum
714 3509 763 3561 per
796 3501 899 3560 tempus
929 3492 1060 3546 molestiis
1083 3491 1221 3575 perpetuis

125 3565 278 3631 obruerunt,
299 3581 371 3617 nunc
391 3566 453 3630 hic,
464 3566 682 3618 ovenerandum
699 3565 764 3616 mibi
784 3573 878 3632 caput,
898 3565 930 3617 ad
951 3564 1034 3632 pedes
1055 3572 1114 3615 tuos
1136 3563 1221 3618 mise-

126 3654 176 3689 ram
193 3638 272 3690 linire
291 3639 381 3690 vitam.
385 3645 399 3674 ‘⁴
437 3637 519 3689 multa
539 3640 622 3706 igitur
644 3638 773 3690 eiusmodi
792 3653 871 3705 quum
882 3637 931 3688 alle
952 3651 1047 3704 magna
1055 3636 1223 3687 lacrimarum

125 3713 150 3760 ri
168 3727 200 3762 ex
222 3709 309 3762 oculis
326 3717 519 3778 prorumpente
540 3711 651 3773 diceret,
655 3723 719 3793 'ego
741 3711 847 3777 quoque
859 3710 985 3759 attentius
1006 3709 1033 3758 in
1056 3723 1115 3758 eum
1135 3707 1222 3759 oculis

126 3781 216 3834 defixis
238 3781 337 3834 sensim
356 3780 537 3849 paulatimque
556 3773 686 3846 notarur'n,
705 3779 801 3848 quibus
823 3794 882 3830 eum
901 3795 1085 3847 agnoscerem,
1106 3779 1222 3846 vestigia

126 3853 276 3920 quaedam
269 3868 297 3903 rn
316 3854 403 3905 animo
423 3852 593 3937 colligebam,
616 3862 642 3904 et
653 3859 825 3920 posteaquam
835 3851 924 3919 plane
947 3851 1052 3919 quinam
1072 3860 1152 3913 esset,
1160 3858 1223 3901 tan.

125 3925 180 3974 dem
202 3925 331 3993 cognovi,
355 3925 454 3976 etiam'
447 3940 505 3991 ipse
527 3923 643 3975 lacrimis
661 3923 791 3991 implebar
812 3921 994 3974 oblectatione
1015 3921 1125 3973 allectus
1145 3938 1220 3972 mae-

125 4009 183 4046 rore
211 4003 370 4064 temperato.
419 3995 502 4049 solet
517 3997 586 4047 enim
614 3996 692 4047 etiam
723 4011 757 4047 ex
784 3994 923 4060 voluptate
945 3994 1076 4046 interdum
1107 3993 1221 4061 flagrans

126 4082 264 4135 erumpere
282 4067 410 4134 lacrima,
436 4084 516 4135 quum
537 4067 669 4120 contraria
686 4067 766 4118 animi
792 4065 942 4118 affectionis
968 4065 995 4115 vi
1025 4065 1219 4133 aegritudinem

97 4139 102 4150 “
126 4137 269 4220 dissipante
290 4147 370 4207 atque
391 4139 565 4207 propulsante
583 4147 677 4191 natura
697 4139 771 4206 qnasi
790 4152 838 4205 per
857 4136 985 4189 foramina
1003 4136 1140 4187 oculorum
1156 4135 1221 4186 tris-

127 4209 199 4261 titiae
220 4209 384 4280 salsuginem
410 4211 549 4264 exhauriat
570 4219 597 4262 et
622 4225 705 4279 grave
724 4209 776 4261 hoc
795 4224 861 4262 onus
881 4216 1005 4294 tanquam
1025 4207 1120 4260 nothas
1141 4215 1221 4274 atque

132 4282 290 4356 pemiciales
310 4291 414 4352 pestes,
437 4299 505 4352 qnae
525 4284 692 4351 irrepserint,
714 4283 886 4352 morbumque
902 4281 983 4332 animi
1000 4279 1177 4334 adventicium
1196 4281 1222 4326 ot
