2926 4906
207 341 430 410 nrsronmu
454 341 713 412 oratorium
728 283 850 412 uxxv.
873 329 1058 415 ta-aa.
1117 333 1209 416 tas
1297 383 1301 390 -

87 503 210 591 τροπήν
233 509 310 568 ποθ
339 501 506 588 ότιομένειν
537 504 689 591 ἡντινοῦν.
743 510 771 572 εἰ
791 506 852 594 γάρ
873 507 918 593 μὴ
938 511 1020 575 τοῦτ’
1047 507 1105 598 εἴη,
1127 537 1192 576 κω-

93 605 187 670 λόσει
205 608 269 671 τῶν
290 604 416 670 πάντων
437 605 529 671 οῦδὲν
550 605 630 693 πρός
656 608 804 692 ἀσέβειαν
830 609 916 692 ἔχειν
936 611 1117 698 ἕντιρρεσοῦς
1140 612 1193 679 det

63 749 66 754 -
90 707 147 772 καὶ
175 708 296 793 νύκτωρ
330 708 385 772 καί
405 711 480 789 μεθ’
510 707 634 793 ἡμέραν
652 714 845 774 κλονεῖσθαι
863 713 919 776 καί
940 697 1192 799 περιτρέπεσθαι

90 807 195 872 πάντα
217 807 296 886 τινά,
318 807 467 894 καθάπερ
494 808 721 895 ἀνερμάτιστον
743 811 867 896 σκάφος
888 813 940 897 ἐφ’
953 799 1189 901 ιῦγροῦνάστα-
1255 837 1262 870 ῑ.

64 911 206 995 5τοάσης
239 912 407 998 θαλάσσης
439 913 588 997 κυμάτων
608 915 874 996 ταλαντευόμενον
906 915 958 1000 ἐφ’
981 907 1114 1000 ἑκάτερα
1135 913 1191 978 καί

90 1011 260 1088 παντοίαις
281 1012 407 1096 οἷνὲμων
435 1022 547 1090 πνοαῖς
570 1013 723 1099 άγόμενόν
741 1037 775 1077 τε
803 1013 859 1078 καὶ
880 1015 1056 1099 φερόμενον
1085 1020 1191 1099 πλημ-

18 1195 24 1206 ,
89 1113 206 1196 μελαῦς.
250 1112 330 1176 κατά
349 1111 409 1199 γάρ
432 1112 486 1179 τόν
515 1113 616 1199 μέγαν
637 1114 824 1191 Βασίλειον,
852 1111 884 1177 εἴ
900 1139 947 1190 τις
972 1115 1255 1196 άβασιινίστωςίι

91 1213 249 1298 προσέχει
272 1223 338 1292 τοῖς
358 1215 536 1301 γράμμασι,
560 1217 640 1299 πρὸς
658 1212 854 1298 Ἑλληνικούς
868 1237 901 1278 τε
923 1215 979 1279 καί
998 1211 1194 1290 Ἰουδαῖκοδς

92 1311 178 1396 όμοῦ
197 1317 253 1382 καί
272 1317 429 1402 γραώδεις
451 1316 577 1398 μάθοος
606 1314 853 1400 ἐκτραπησεται,
883 1316 938 1379 καί
960 1313 1086 1395 πτωχός
1110 1338 1194 1378 τιον-

49 1422 82 1476 10
91 1419 191 1492 τελιῦς
211 1419 273 1481 τοῦν
297 1417 394 1495 άξίων
422 1418 497 1503 περὶ
525 1418 603 1481 θεοῦ
633 1417 800 1500 νοημάτων
831 1411 1056 1501 καταγηράσει.
1111 1410 1193 1478 ἀλλά

89 1519 139 1603 cogi
162 1541 197 1603 γε
220 1520 351 1581 διπλοῦν
371 1541 404 1582 τε
433 1517 488 1583 καί
516 1518 666 1582 σύνθετον
689 1515 828 1600 ἀκριβῶς
856 1517 910 1580 τόν
933 1513 1075 1602 Χριστόν
1095 1517 1193 1600 ἐγνω-
1272 1509 1275 1520 ’

92 1619 162 1682 κότι
185 1618 246 1700 μὲν
264 1620 298 1681 ἐκ
315 1620 379 1682 τοῦν
389 1621 507 1683 θεῖκιῦν
517 1619 572 1681 νῦν
586 1619 613 1681 δ’
626 1619 660 1680 ἐκ
678 1619 741 1680 τοῦν
757 1615 969 1701 ἀνθρωπίνων
1038 1613 1193 1700 δηλοῦσης

91 1715 128 1784 τό
151 1717 394 1802 συναμφότερον
402 1765 410 1794 ,
442 1716 479 1782 οό
508 1714 590 1801 μέγα
613 1713 705 1800 ἔργον
733 1713 775 1781 τά
793 1716 852 1797 μὲν
873 1711 984 1799 ῦψηλά
1005 1717 1046 1801 τῇ
1067 1713 1193 1798 θεότητι

92 1818 221 1901 νέμειν,
250 1815 291 1881 τά
322 1821 350 1882 δ’
371 1815 529 1904 inaraba
556 1818 597 1903 τῇ
632 1816 867 1902 άνθρωτιότητι·
922 1817 978 1881 καί
998 1813 1074 1882 όταν
1095 1814 1192 1901 άκοόῃ

49 1917 194 2000 15“σάρξ
211 1941 250 1992 τε,
270 1915 288 1982 ό
310 1916 401 2004 λόγος
423 1917 560 2003 ἐγένετου
579 1918 635 1982 καί
653 1912 748 1992 αὖθις
765 1915 892 2004 “diibus
914 1917 1041 2003 ῥανίδες
1061 1917 1195 2000 αἵματος

93 2021 175 2084 θεοῦ
191 2019 311 2101 κόσμον
332 2017 406 2084 ῦλον
428 2016 591 2104 tyranno?
623 2015 660 2082 οὐ
680 2017 858 2102 μεταβολὴν
880 2019 954 2084 οῦδὲ
972 2015 1092 2104 τροπὴν
1110 2015 1195 2093 όλως
1264 2043 1268 2050 ·

92 2119 296 2204 ῦπολῆψεται
330 2122 385 2204 τῆς
419 2121 576 2204 θεότητος.
629 2118 696 2184 οὔδ’
726 2117 777 2184 ὅτε
806 2123 884 2183 θεοῦ
915 2119 986 2185 υἱὸν
1014 2121 1121 2184 άκοόει
1140 2117 1259 2194 sdan

96 2217 282 2305 άνθρωττον,
304 2224 375 2307 θεῷ
396 2218 535 2308 φυσικὴν
567 2220 707 2306 ἐννοήσει
739 2219 795 2305 τὴν
822 2220 906 2284 κάτω
939 2221 1093 2305 γέννησιν.
1139 2207 1194 2284 ναί

93 2319 160 2405 μὴν
181 2318 256 2384 οῦδὲ
274 2323 526 2408 μεταμόρφωμιν
544 2322 681 2410 άκοάσας
702 2329 768 2397 τοῖς
788 2323 850 2385 νοῦν
870 2321 1087 2404 εἶκονομάχων
1108 2319 1193 2387 ῦπα-

27 2433 83 2489 ·20
91 2421 254 2505 χθήσεται
270 2420 383 2506 λόγοις,
407 2420 488 2487 ὥστε
503 2421 683 2506 μεταβολὴν
698 2422 753 2487 καί
774 2418 894 2508 τροπὴν
907 2418 1026 2506 σαρκός
1038 2422 1084 2497 εἰς
1107 2416 1193 2486 άκτι-

94 2545 171 2606 στον
192 2522 404 2607 ἐννενοηκέναι
425 2523 561 2607 θεότητοι
583 2519 603 2607 ἢ
625 2524 773 2610 θεότητος
793 2523 1010 2607 μετοοσίωσιν
1033 2526 1078 2600 εἷς
1100 2519 1193 2611 ὕφει·
1207 2543 1213 2549 ”

92 2623 193 2706 μένην
214 2623 270 2688 καί
294 2623 508 2690 ἀνυπόστατον
532 2622 628 2712 άλλην
648 2627 707 2692 καί
728 2626 874 2691 άνοάσιον
891 2626 1026 2710 θεότητα
1047 2624 1127 2690 κατὰ
1140 2622 1194 2688 τόν

94 2726 274 2806 Παλαμῦν.
289 2725 317 2787 εἰ
332 2726 368 2789 δὲ
379 2728 470 2790 τοῦθ
480 2719 571 2804 οῦτω,
586 2728 695 2814 collui
706 2728 829 2809 μᾶλλον
844 2725 911 2790 οὐδ’
927 2723 978 2792 ὅτε
991 2724 1086 2802 δόξαν
1099 2723 1194 2788 οἷκοό-
1223 2767 1225 2778 ‹

93 3057 238 3110 riationem
265 3063 312 3106 eut
335 3055 506 3107 mutationem
534 3054 617 3108 ullam
634 3055 754 3109 subesse.
805 3054 875 3123 qaod
903 3053 926 3108 si
954 3029 1009 3106 nob
1028 3062 1109 3120 esset,
1127 3053 1196 3107 nibil

95 3128 205 3180 omnino
224 3125 372 3192 impediret,
393 3128 532 3195 quominus
550 3128 582 3179 ad
600 3128 763 3193 impietatem
790 3127 970 3193 propenderet
988 3133 1016 3177 et
1033 3125 1078 3176 diu
1096 3135 1195 3179 noctu.

96 3215 152 3268 que
171 3198 388 3263 circumlerretur
408 3207 434 3250 et
452 3199 606 3261 iactaretur,
625 3206 654 3250 ut
671 3199 757 3249 inanis
777 3198 854 3250 navia
879 3199 1025 3248 aestuantis
1044 3197 1122 3248 maris
1142 3195 1195 3248 flu.

95 3271 185 3322 ctibus
205 3270 267 3339 'buc
291 3267 360 3318 illuc
379 3270 475 3320 iactata
503 3277 530 3320 et
547 3269 637 3320 multis
656 3270 744 3321 ventis
763 3273 862 3338 agitata
888 3275 914 3319 et
933 3269 960 3320 in
978 3269 1126 3335 perniciem
1144 3269 1196 3320 du.
1286 3273 1289 3277 '

95 3351 150 3393 cta.
190 3341 297 3403 etenim,
320 3347 349 3390 ut
369 3342 406 3390 ait
426 3355 535 3408 magnus
555 3340 687 3403 Basilius,
717 3341 817 3409 siquis
845 3347 947 3407 temero
965 3340 997 3390 ad
1017 3340 1116 3407 scripta
1134 3340 1195 3390 ani.

93 3429 166 3464 mum
187 3410 315 3473 attulerit,
335 3411 368 3461 ad
384 3410 544 3464 Graecorum
567 3412 777 3480 ludaeorumque
798 3410 901 3463 fabulas
921 3411 1108 3484 perveniet'et
1128 3425 1196 3478 ege.

93 3499 148 3536 nus
167 3483 248 3550 digna
268 3482 312 3533 dei
331 3483 487 3550 cognitione
506 3485 633 3534 senescit.
672 3483 773 3548 sed,ei‚
793 3485 845 3551 qul*
859 3482 994 3550 duplicem
1014 3490 1041 3532 ct
1058 3482 1196 3552 composi.

94 3563 151 3607 tum
171 3569 205 3605 ex
224 3553 316 3604 divino
339 3562 365 3604 et
393 3553 505 3604 humano
525 3556 699 3621 compositum
720 3554 851 3609 Christum
876 3553 1033 3617 intellexit,
1055 3568 1108 3604 non
1138 3567 1197 3604 ma-

64 3644 68 3649 ·
95 3642 179 3696 gnum
198 3639 265 3690 opus
285 3631 340 3688 est,
360 3625 470 3690 grandia
489 3625 580 3677 deitati
599 3626 733 3690 tribucre,
752 3627 841 3676 infima
858 3624 1025 3677 humanitati·
1062 3632 1088 3675 et
1104 3622 1128 3674 si
1146 3639 1197 3674 au-

59 3738 70 3760 ,
94 3697 178 3750 dierit
198 3709 276 3745 ucaro
297 3694 393 3745 factum
413 3703 454 3745 cst
470 3696 609 3760 verbum‚”
630 3705 655 3747 et
674 3712 764 3748 rursus
785 3695 1043 3747 “nonnullaodiviui
1060 3693 1196 3762 sanguinis

94 3775 189 3838 guttae
208 3767 361 3817 universum
378 3765 501 3816 mundum
523 3768 666 3818 sanarunt”
691 3782 744 3818 non
767 3768 939 3817 mutationem
958 3774 1003 3817 aut
1021 3766 1196 3818 variationem

33 3891 40 3896 ,
97 3838 206 3892 omnino
226 3836 332 3888 deitatis
352 3852 419 3894 esse¹
431 3839 559 3888 ooniioiet
576 3853 628 3889 nec
649 3837 694 3888 ubi
720 3839 762 3889 dei
780 3837 863 3888 fllium
881 3837 953 3888 suadit
972 3851 1032 3888 esso
1052 3837 1195 3901 bominem,

96 3912 149 3964 deo
176 3907 322 3960 naturalem
350 3909 434 3960 fuisse
459 3911 591 3977 originem
609 3901 753 3976 intelliget.
797 3909 861 3976 quin
883 3908 961 3958 etiam
985 3909 1008 3958 si
1035 3906 1068 3958 de
1086 3907 1196 3976 transii.

96 3981 240 4049 geratione
260 3980 384 4044 audierit,
403 3996 458 4032 nou
477 3981 711 4033 iconomachorum
730 3979 807 4032 dictis
827 3969 985 4044 decipieldr‚
1004 3979 1042 4029 ita
1055 3986 1089 4034 nt
1108 3986 1195 4028 muta.

96 4056 199 4106 tionem
221 4059 248 4102 et
266 4051 440 4106 variationem
462 4053 549 4104 carnis
567 4053 595 4103 in
614 4051 757 4102 increatam
769 4053 894 4103 deitatem
907 4050 1052 4119 intelligat,
1071 4056 1116 4101 aut
1134 4049 1195 4100 dei.

97 4125 163 4177 tatis
182 4121 505 4176 transsubstantiationem
526 4124 553 4174 in
573 4123 719 4176 subiectam
740 4129 766 4173 et
784 4122 1013 4174 insubstantialem
1038 4119 1148 4172 alteram
1169 4125 1196 4170 et

95 4193 300 4246 inessentialem
320 4194 443 4246 deitatem
458 4196 600 4247 secundum
612 4190 751 4246 Palamam.
789 4194 859 4262 quod
877 4195 900 4245 si
918 4195 955 4244 ita
974 4201 1023 4256 est,
1043 4190 1125 4242 multo
1143 4190 1208 4242 nri-²

96 4279 148 4320 nur
167 4264 214 4317 abi
237 4263 350 4333 gloriam
369 4266 474 4340 deitatis
492 4266 600 4335 paulum
631 4265 789 4334 subopertae
808 4271 853 4317 aut
872 4264 1054 4338 subindicatae
1069 4259 1194 4326 audierit,
