2880 4910
226 399 446 466 nrsroamn
469 397 727 466 amarvmnan
755 397 879 463 xxxii.
904 381 1029 464 1-5.
1136 391 1208 464 377

119 565 169 628 τιό
190 564 327 627 τοιοῦτον
356 555 518 643 κόμματος
550 555 632 645 ἦσαν
653 562 844 646 παροιμίαι,
877 554 989 644 χώραν
1009 555 1102 642 ἔσχον
1122 582 1210 644 τητι-

115 665 197 727 καῦτ’
216 665 436 728 ἐκλαλεῖσθαι·
484 661 564 744 μετὰ
587 662 647 748 γὰρ
674 663 845 742 τοσοῦτον,
869 655 912 737 τός
935 657 1070 744 εἴρηται,
1093 656 1211 744 χρόνον

115 767 248 849 ὀφθέντα
279 762 316 830 τό
345 767 473 831 ἐκείνων
505 766 646 849 δυσσεβῆ
676 764 731 829 καί
763 765 861 829 πλείω
887 766 942 848 τῆς
974 764 1122 846 οἲσεβείας
1150 761 1207 846 τῆν

114 868 249 946 α’μοιθίαν
272 871 444 951 κεκτημένα
473 865 627 950 λογάρια,
649 869 772 947 μᾶλλον
793 868 821 930 δ’
845 865 944 931 εἰπεῖν
967 864 1206 948 οἷμβλωθρίδια,

90 966 302 1049 ςκατοίγνωσιν
323 972 383 1049 μὲν
404 975 470 1042 τοῖς
494 967 631 1050 οἰκείοις,
652 973 776 1051 γέλωτα
798 967 834 1031 δὲ
863 973 927 1041 τοῖς
949 961 1113 1052 ἡμετέροις
1136 965 1207 1028 rive-

110 1070 187 1129 ποίει
216 1068 350 1153 μακρόν.
401 1067 452 1133 διό
484 1068 539 1132 καί
567 1065 675 1151 βραχό
704 1069 842 1152 φανέντα
876 1065 960 1148 δμοῦ
991 1069 1033 1152 τῷ
1057 1067 1207 1149 πληγέντι

110 1167 173 1250 όέρι
197 1165 276 1252 πρός
298 1170 440 1256 τόφανὲς
464 1163 581 1256 ᾤχοντο
606 1165 754 1234 α’πιόντα.
807 1169 847 1231 ori
875 1167 940 1249 μῆν
968 1163 1060 1247 κόρος
1077 1156 1115 1249 ῆν
1138 1161 1209 1229 οὐδ’

109 1261 189 1332 όδτω
218 1270 275 1352 τῆς
301 1268 522 1354 κατασχούσης
552 1269 628 1346 τοδς
652 1269 818 1350 δυσσεβεῖς
849 1270 963 1340 κακίας
986 1264 1116 1347 οδδείς,
1139 1269 1207 1329 ἀλλ’

110 1365 215 1453 ἑτέραν
238 1373 290 1457 ἐφ’
313 1367 404 1460 ἑτέρᾳ
425 1374 532 1455 τρίβον
554 1377 618 1446 τοῖς
633 1378 795 1454 λογισμοῖς
816 1365 973 1451 ἐβάδιζον.
1018 1367 1072 1431 καί
1095 1369 1207 1432 πασῶν

74 1469 162 1550 λθόψδ
183 1475 330 1556 βελτίστη
351 1471 462 1557 σφίσιν
492 1467 570 1556 αδτη
599 1471 790 1551 νενόμισται.
846 1469 952 1552 λόγοις
984 1469 1043 1552 γόρ
1067 1473 1245 1554 φιλικοίς4

107 1568 155 1633 διό
175 1574 281 1651 μέσων
305 1575 407 1656 φίλων
427 1573 552 1655 α’νδρεδν
572 1574 659 1650 α’ξιοῖ
673 1574 705 1637 Γ
703 1574 839 1656 ρηγοροῖν
865 1564 1132 1652 Καντακονζηνός
1156 1564 1205 1632 οἴ-

107 1672 178 1732 καδε
200 1675 279 1755 παρ’
301 1669 400 1736 αότόν
422 1674 600 1756 ἀφικέσθαι
621 1672 701 1755 πρός
727 1671 902 1756 όνόμνησίν
924 1693 957 1733 τε
985 1671 1042 1732 καί
1062 1668 1206 1732 α’νανὲω-

106 1794 149 1833 σιν
170 1768 246 1848 ἴσως
265 1776 322 1858 τῆς
345 1775 501 1856 προτέρας
520 1772 631 1859 φιλίας
653 1774 780 1858 ἐκείνης.
824 1775 877 1837 καί
899 1766 933 1845 ir
953 1773 1086 1849 νομίσας
1106 1766 1206 1852 ἒπαγ-

105 1869 206 1952 γελίαν
228 1872 482 1956 ἐπανορθώσεως
505 1869 591 1955 ἔχειν
611 1873 646 1938 τό
669 1875 817 1955 πρᾶγμα,
840 1873 939 1947 αοίός
960 1895 1011 1952 τε,
1032 1870 1076 1945 οδς
1096 1874 1204 1956 φασίν,

75 1969 336 2055 15δφίκετο,,και’
364 1977 401 2038 ci
420 1995 454 2055 γε
477 1977 675 2058 σονέκδημον
703 1966 743 2058 ἦν
775 1971 978 2056 διἰαγόμενος.
1023 1974 1079 2035 καί
1099 1967 1122 2034 δι’
1144 1971 1205 2050 μὲν

105 2072 239 2157 η’κηκόειν
271 2072 369 2147 αότός
392 2075 468 2157 παρ’
492 2073 717 2160 ότωνδῆποτε,
749 2075 838 2139 ταῦτ’
877 2072 977 2138 ἐστίν·
1029 2065 1051 2134 i?
1084 2067 1204 2151 δ’ἓξῆς

107 2170 256 2253 ἐγεγόνει,
281 2175 336 2238 καί
362 2169 448 2250 όπως
477 2179 533 2239 καί
565 2170 640 2238 ὅθεν
662 2175 700 2240 τό
717 2177 771 2260 τῆς
792 2176 960 2253 διαλέξεως
982 2165 1077 2247 αδθις
1101 2169 1202 2252 α’ρξό-

103 2293 174 2350 μενα
198 2269 263 2363 δπῃ
284 2273 517 2361 συνεπερόνθη,
541 2272 640 2359 ῆδέως
665 2271 705 2340 όν
725 2274 811 2360 παρό
833 2279 893 2341 σοῦ
916 2278 1086 2358 πυθοίμην.

169 2373 472 2466 ,Συνεληλοθότοιν
493 2378 634 2461 α’μφοῖν,
658 2370 686 2442 oi
706 2381 779 2462 φίλε
803 2375 985 2461 Κλεόδημε,
1014 2373 1074 2458 πρό
1099 2374 1238 2458 δείληςε

76 2467 176 2561 λοέτράς
196 2475 228 2551 ἒς
252 2474 288 2540 τὸ
307 2475 483 2558 μοναδικόν
503 2480 562 2541 τοῦ
583 2479 911 2563 προβεβασιλεοκότος
930 2478 1200 2560 Καντακοοζηνοῦ
1250 2521 1257 2528 -

103 2572 366 2660 φροντιστήριον,
394 2581 537 2665 προσηνῆ
566 2582 625 2660 μὲν
654 2577 711 2642 καί
740 2579 846 2661 ἠρέμα
879 2585 1027 2661 γλυκεῖαν
1048 2575 1123 2659 ἔσχε
1143 2573 1200 2657 τῆν

103 2674 200 2762 δρχῆν
221 2677 261 2743 τό
285 2681 340 2762 τῆς
365 2676 514 2760 ὁμιλίας,
547 2683 601 2744 καί
621 2680 663 2756 τός
688 2672 727 2765 ῆν
747 2683 856 2756 ον’τοίς
884 2680 998 2756 εἰωθὸς
1016 2676 1050 2744 ἐκ
1071 2679 1200 2770 πολλοῦ,

100 2781 237 2864 ταραχῆς
262 2779 297 2843 δὲ
317 2775 355 2842 τό
379 2772 464 2863 ἑξῆς
480 2783 535 2845 καί
554 2784 698 2865 θορύβου
728 2781 833 2846 πάντα
856 2782 956 2863 μεστοὶ
979 2781 1113 2866 ἐγεγόνει
1137 2804 1201 2844 πα-

99 3077 149 3123 tum
169 3090 249 3126 usum
266 3074 449 3130 inveniebant.
487 3091 547 3128 nam
566 3083 628 3146 post
647 3084 746 3130 tantam
767 3076 838 3145 quod
857 3077 970 3130 diximus
989 3078 1118 3144 temporis
1132 3093 1198 3144 spa.

99 3145 158 3196 tium
179 3148 206 3197 iu
227 3147 317 3198 lucem
344 3155 529 3213 provenerunt
552 3146 661 3201 illorum
687 3148 816 3200 malitiosi
844 3156 871 3200 et
894 3149 1039 3214 impietatis
1060 3147 1204 3216 multoqus'

100 3218 204 3274 maioris
225 3219 395 3285 ignorantiae
414 3218 488 3286 pieni
508 3235 645 3271 sermones
663 3220 709 3272 vei
728 3221 817 3286 potius
837 3221 906 3271 fetus
924 3223 1078 3283 monstrosi,
1101 3221 1197 3287 quibus

103 3286 276 3355 sibimetipsi
295 3290 468 3355 ignominiam
489 3292 567 3343 nobis
587 3307 653 3344 vero
671 3293 755 3343 risum
775 3306 899 3359 magnum
916 3298 1068 3344 moverunt.
1105 3293 1196 3359 itaqua

102 3372 168 3422 quae
188 3361 244 3411 cito
263 3369 453 3427 apparuerunt,
472 3378 525 3413 una
543 3379 601 3414 cum
611 3379 740 3430 percusso
756 3377 819 3414 acre
834 3370 1007 3414 evanuerant.
1044 3377 1134 3428 neque
1151 3371 1196 3412 ta.

98 3442 155 3479 men
175 3431 215 3481 sic
235 3429 292 3481 ulia
310 3432 420 3483 satietas
439 3442 497 3484 erat
509 3443 599 3486 tautae
613 3435 826 3487 adversariorum
837 3433 1031 3501 improbitatis3
1052 3433 1099 3484 sed
1116 3435 1195 3485 modo

99 3496 165 3550 hauc
183 3501 262 3552 modo
283 3501 356 3552 iiiam
378 3507 447 3555 viam
466 3507 493 3555 in
518 3507 757 3575 disceptationibus
777 3507 880 3558 inibant
905 3514 933 3556 et
958 3506 985 3556 in
1011 3505 1063 3557 iine
1091 3503 1143 3555 hoc
1162 3505 1196 3555 iis

97 3568 164 3621 iuter
183 3571 238 3623 alia
257 3573 345 3626 omnia
364 3576 450 3626 visum
474 3585 531 3627 erat
549 3579 689 3644 optimum.
727 3579 869 3630 amicorum
892 3576 1017 3630 familiari
1035 3577 1196 3627 invitatione

99 3638 240 3708 Gregoram
263 3645 464 3697 Cantacuucnus
482 3649 586 3698 domum
612 3664 686 3700 suam
706 3650 816 3701 vocavit
841 3656 871 3698 ut
888 3653 1065 3700 renovaretur
1084 3647 1196 3712 pristina

98 3712 220 3765 amicitia.
259 3723 286 3764 et
304 3714 353 3766 iiie
373 3719 474 3768 nuntiis
493 3720 626 3770 amicitiae
648 3720 764 3771 confisus
784 3735 843 3770 eum
870 3719 999 3771 convenit
1026 3724 1053 3768 et
1076 3725 1104 3768 te
1132 3717 1194 3784 qui.

97 3781 154 3832 dern
175 3788 284 3837 comite.
322 3787 389 3840 haec
409 3795 496 3839 autem
515 3798 576 3840 sunt
586 3805 655 3857 quae
673 3790 706 3840 ab
725 3789 786 3842 aliis
798 3791 901 3856 accepi.
938 3787 1195 3856 quaefactadeiudo
1274 3825 1277 3832 ·

97 3853 148 3905 siut
169 3863 196 3907 et
215 3861 348 3925 quomodo
368 3868 395 3911 ct
413 3860 483 3911 unde
503 3862 718 3912 concertationes
727 3861 925 3930 redintegratae
945 3859 1193 3931 etquemadliiuem

98 3926 240 3996 perductae
259 3931 312 3983 sint
330 3946 346 3982 a
364 3939 392 3983 te
411 3933 563 3999 percontari
582 3932 657 3984 volo.

195 4025 250 4078 iios
269 4027 450 4078 ambosrmice
472 4027 617 4080 Cleodome
636 4043 716 4096 quum
737 4030 904 4080 venissemus
919 4028 988 4080 bene
1003 4043 1080 4080 mane
1099 4029 1126 4080 in
1146 4045 1192 4080 re.

100 4091 139 4156 gis
159 4095 338 4149 Cantacuueni
360 4098 455 4149 ceilam
480 4100 650 4163 monasterii,
670 4101 754 4166 primo
775 4100 880 4169 quidem
906 4108 935 4151 ut
952 4099 1030 4152 nohis
1049 4099 1191 4150 ineundum

100 4170 162 4227 erat,
181 4165 252 4219 ineto
274 4177 300 4220 et
320 4170 445 4221 familiari
464 4186 514 4220 usu
534 4185 591 4220 cunr
602 4171 635 4220 iis
648 4171 721 4222 iruiti
732 4187 831 4236 somus,
845 4171 950 4240 qualem
964 4179 1045 4222 antea
1064 4186 1098 4221 ex
1107 4168 1191 4220 multo

102 4236 219 4300 tempore
238 4252 438 4291 consueramus.
476 4242 522 4293 sed
540 4240 633 4308 paullo
654 4249 715 4308 post
735 4243 829 4294 turbae
854 4249 881 4293 et
898 4241 1026 4293 tumultus
1044 4241 1191 4294 redierunt.

101 4301 145 4354 ubi
166 4311 233 4364 cuim
253 4325 302 4363 rex
328 4311 529 4366 Gantacuuenus
556 4314 626 4365 inter
652 4311 789 4381 colloquia
809 4311 941 4366 Palamam
965 4311 1075 4366 laudare
1099 4325 1190 4366 rursus
