2952 4902
246 356 469 424 ursroamn
491 358 751 428 numanum
765 355 910 428 κειται.
932 348 969 430 1.
990 343 1052 430 i..
1130 355 1200 428 ιιι

110 514 138 582 sd
157 520 213 580 τοῦ
227 517 369 600 πόματος
385 518 609 602 χλιαρωτερον,
631 522 710 606 πλήν
731 517 750 605 ἢ
770 517 824 586 δτι
845 523 973 605 συμβὰν
997 526 1117 588 σδτωσί
1137 547 1203 600 πως

109 617 194 700 ἡλίου
216 615 274 701 τήν
305 622 367 682 τοῖν
389 622 495 702 νεφῶν
517 619 704 704 διασχόντος
725 626 916 706 συνέχειαν,
947 626 1002 689 καί
1028 647 1115 698 τινας
1148 623 1201 688 διαὶ
1281 699 1285 709 f

107 719 158 800 τῆς
179 722 312 800 θυρίδος
342 721 476 805 α’φέντος
508 720 639 799 οίκτῖνας
668 727 713 797 εἰς
740 720 794 790 τδν
821 721 896 804 ἐμὸν
919 726 1031 788 τοῦτον
1055 725 1202 804 οἰκίσκον,

108 819 252 898 α’μυδριίν
273 843 343 883 τινα
366 817 423 902 τὴν
446 819 544 886 α’λίαν
568 827 646 898 τέως
667 825 709 911 τῷ
738 819 833 889 dean
857 821 1055 909 παρειχόμην
1077 827 1122 899 εἰς
1146 823 1205 886 πό-

85 923 150 982 5σιν
163 921 280 1007 ἐκείνῳ,
302 916 453 1008 α’νιρμωξέ
465 945 498 986 τε
517 923 635 1004 βύθιον
653 919 669 986 o‘
693 923 784 1008 α’νὴρ,
806 922 1037 1004 καίιποταμσδς
1059 925 1206 1005 δακρύων

105 1020 200 1104 α’φῆκε
222 1022 287 1084 ταῖν
310 1021 504 1104 ὀφθαλμῶν.
551 1021 609 1105 ἐγω
636 1028 665 1088 d'
679 1027 803 1106 ἐπέχειν
825 1025 996 1106 βουλόμισς
1012 1025 1047 1090 τό
1070 1049 1103 1089 τε
1125 1017 1216 1109 ἦθος,
1250 1045 1253 1050 ·
1304 1043 1325 1102 ,ς

106 1119 299 1202 ἀπήλλαττον
321 1121 367 1194 εἰς
388 1120 422 1184 τὸ
444 1127 652 1206 χαριέστερον
674 1129 729 1188 καί
748 1120 816 1206 ἅμα
838 1123 895 1206 τὴν
919 1123 1038 1188 ἐκείνου
1061 1121 1206 1190 διάνοιαν

105 1217 305 1302 ἐπησχόλουν
335 1219 456 1285 ἐκεῖθεν
482 1224 525 1298 εἰς
547 1228 659 1308 ἕτερα,
692 1224 747 1290 καί
767 1223 824 1307 τήν
846 1227 907 1290 τῶν
931 1221 991 1318 ἔξω
1013 1222 1206 1310 πραγμάτων

106 1318 242 1404 ἐπῄνουν
274 1316 448 1407 ἀφήγησιν.
505 1317 580 1389 ὅθεν
602 1329 717 1400 ἐκεῖνος
747 1325 921 1408 α’ρξοὶμενος
944 1320 1066 1392 ἄνωθεν
1088 1321 1207 1392 οὑτωσί

72 1419 244 1503 λθδιηγεῖτο.

189 1517 316 1602 Ὅπλα,
341 1526 453 1608 φησίν,
476 1523 635 1606 εἰρόμενος
657 1525 673 1588 δ
693 1523 844 1606 βασιλεὺς
866 1523 1128 1611 Καντακαυζηνὸς
1148 1527 1241 1610 iij-2

104 1646 201 1702 χοντος
222 1617 286 1708 ἤδη
308 1628 367 1687 τοῦ
389 1629 504 1707 πέρυσι
526 1629 643 1709 θέρους
667 1627 831 1716 Ματθαίφ
852 1631 911 1708 μὲν
934 1626 1026 1715 α’πῄει
1049 1633 1092 1716 τῷ
1113 1629 1207 1693 παιδί

105 1722 339 1805 συμμαχήσων,
373 1722 586 1812 Παλαιαλδγφ
608 1727 643 1789 δὲ
672 1724 872 1807 μαχούμενος
901 1729 943 1814 τῷ
963 1730 1107 1814 γαμβρῷ,
1124 1724 1206 1792 Ῥω-

104 1821 201 1900 μαίων
221 1827 283 1906 μὲν
306 1824 375 1887 oo’d'
404 1816 481 1907 ἄχρι
506 1829 561 1888 καί
581 1828 626 1901 εἰς
654 1821 802 1910 ἐξήκοντα
837 1828 1029 1910 ἐπαγόμενος
1050 1829 1206 1913 στρατιω-

74 1932 162 2002 tiron,
184 1924 382 1990 Κατελᾰνων
404 1927 433 1988 δ’
465 1917 521 1989 οὖν
543 1927 596 1991 καί
615 1927 789 2009 βαρβάρων
817 1927 895 2010 ὑπὲρ
920 1931 1055 2010 χιλίους.
1097 1931 1206 1994 σύνοι-

105 2048 152 2088 κον
171 2022 232 2111 μιέρ
257 2053 327 2091 τινα
349 2028 428 2092 κατὰ
456 2024 623 2109 Ῥωμαίων
645 2026 728 2112 ἔχων
759 2029 903 2110 ὑποψίαν
925 2034 959 2094 ἐκ
981 2036 1099 2097 πολλοῦ
1123 2032 1204 2114 πρὸς

106 2126 278 2208 α’πίχθειαν
311 2127 521 2212 α’νεκλτίλητσν
554 2135 705 2194 τοσοῦτον
732 2130 834 2211 ἐμίσει
856 2129 911 2194 καί
932 2130 1095 2196 α’πεσείετο
1117 2137 1204 2217 σφοῖς

106 2217 171 2289 δσον
198 2231 307 2313 ἐφιλει
338 2251 372 2292 τε
406 2232 462 2294 καί
491 2232 639 2311 προσίετο
668 2235 865 2314 βαρβάρους.
919 2232 1069 2294 τοσοῦτον
1103 2233 1132 2295 δ’
1161 2224 1204 2296 αδ

106 2327 236 2406 ἐμισεῖτο
260 2329 373 2413 σφίσιν
392 2323 467 2393 door
488 2332 627 2416 ἐφιλεῖτο
648 2328 837 2413 βαρβάροις,
859 2323 904 2394 δτι
926 2334 1035 2414 σχῆμα
1057 2335 1205 2412 ποιμένσς

73 2427 291 2514 λθοίοιιληφτδς,
313 2427 490 2511 βαρβάροις
520 2429 624 2504 λύκοις
645 2431 689 2504 εἰς
719 2427 881 2512 προνομὴν
910 2431 1010 2494 ἐτίθει
1032 2430 1146 2518 ῥφδίαν
1167 2429 1200 2496 so'

107 2533 245 2608 ποίμνιον
275 2525 379 2593 inosti
405 2531 478 2609 μεθ’
511 2530 631 2614 ἡμέραν
665 2529 720 2594 καί
740 2527 861 2614 νδκτωρ
887 2531 954 2610 αἐί,
976 2529 1019 2605 ὦς
1041 2529 1202 2614 μὴμόνον

108 2629 136 2690 ἐν
155 2635 224 2717 χρῷ
247 2628 280 2694 τὸ
303 2626 390 2712 ἔριον
412 2635 598 2714 κείρεσθαι,
627 2628 707 2694 diti
730 2634 784 2694 καί
803 2633 905 2695 ατίτοῦ
925 2654 959 2713 γε
981 2621 1043 2715 ἤδη
1063 2635 1204 2715 γυμνοῦ-

108 2732 177 2794 οθαι
199 2732 258 2796 τοῦ
284 2733 461 2816 δέρματος,
483 2731 526 2816 μή
558 2730 656 2814 μόνον
676 2733 764 2818 αὐτῷ
784 2730 843 2809 τὰς
864 2735 916 2796 det
936 2737 1118 2816 καινοτέρας
1139 2735 1202 2798 sodo

109 3019 137 3074 ad
154 3021 266 3079 calidam
286 3031 377 3093 potum
396 3021 459 3089 nisi,
487 3037 566 3093 quam
586 3021 655 3076 iorto
673 3019 715 3076 soi
734 3021 824 3076 densis
842 3021 956 3076 nubibus
975 3019 1200 3086 disiectisradios

111 3097 311 3158 perderestram
331 3099 359 3149 in
377 3097 429 3148 hoo
447 3095 598 3147 cubiculum
617 3111 702 3148 meum
726 3103 848 3163 tauquam
867 3096 894 3146 in
915 3093 1054 3146 obscurum
1073 3101 1199 3160 recepta.

110 3165 189 3219 colum
205 3169 380 3232 immisisset,
408 3183 501 3235 aquam
521 3167 595 3219 iilam
614 3168 655 3237 [ad
680 3166 815 3219 libandum
841 3165 1003 3218 adhiberem.
1047 3172 1126 3234 atque
1145 3164 1199 3216 alte

109 3233 259 3294 lamentatus
278 3241 322 3292 vir
340 3239 389 3291 ille
408 3253 527 3306 maguam
547 3240 601 3290 vim
618 3238 784 3290 lacrimarum
803 3238 929 3305 profudit.
968 3236 1089 3305 equidem
1104 3245 1133 3288 ut
1150 3252 1199 3288 su.

110 3315 254 3376 mentorem,
275 3312 363 3363 animo
375 3312 407 3362 ad
419 3310 576 3361 iucundiora
588 3319 727 3374 revocato,
746 3309 819 3361 illius
831 3317 947 3361 mentem
961 3309 989 3360 in
1009 3305 1118 3359 aiteram
1137 3308 1200 3359 inde

109 3389 201 3442 partem
220 3383 333 3434 distravi
353 3389 380 3432 et
399 3381 601 3449 peregrinarum
621 3396 708 3432 rerum
729 3382 907 3433 narrationem
928 3378 1071 3447 postulavi.
1108 3379 1199 3448 itaque

110 3461 207 3504 narrare
227 3452 278 3505 iile
297 3453 388 3519 eoepit
406 3452 447 3504 hia
466 3451 566 3504 verbis.

200 3549 291 3616 Captis
319 3549 401 3616 igitur
420 3541 517 3610 armis,
541 3548 644 3616 inquit,
672 3547 873 3601 Cautaeuzenus
891 3563 954 3613 rex,
974 3555 1066 3598 exacta
1085 3547 1200 3614 proximi

111 3620 165 3670 nani
183 3629 294 3685 aestate,
309 3620 447 3686 proiectus
468 3626 508 3670 est
527 3626 556 3671 ut
574 3635 631 3670 oum
651 3619 784 3672 biattbaeo
803 3619 860 3671 filio
883 3617 949 3670 beili
969 3621 1124 3670 societatem
1143 3618 1198 3669 ini.
1234 3627 1241 3637 ·

96 3697 153 3742 ,ret
189 3693 360 3743 dimicaturus
382 3692 451 3742 enim
471 3705 529 3740 cum
548 3687 712 3758 Paiaeologo
738 3705 838 3757 genero
865 3691 911 3740 vix
938 3691 1077 3758 sexaginta
1096 3690 1198 3740 Roma.

110 3771 194 3812 norum
212 3764 312 3814 milites
332 3777 421 3812 aecum
442 3761 565 3812 ducebat.
603 3762 693 3828 itaque
708 3777 786 3828 quum
805 3761 959 3812 advenisset
977 3768 1003 3811 et
1020 3761 1048 3811 in
1067 3759 1199 3810 communi

111 3827 271 3884 barbarorum
291 3834 446 3899 suspicione
466 3831 614 3883 iamdudum
635 3840 661 3882 et
680 3831 706 3883 in
727 3833 788 3883 odio
805 3831 957 3884 incredibili
976 3830 1198 3882 baberetiioma.
1260 3885 1262 3893 s

111 3913 163 3966 nos,
182 3911 253 3956 tanta
274 3919 321 3954 eos
339 3902 389 3954 ille
410 3903 510 3954 invidia
535 3901 727 3966 aversabatur,
748 3910 844 3970 quanta
864 3904 892 3952 in
910 3901 1038 3953 barbaros
1058 3901 1197 3954 voluntate
1251 3896 1260 3920 ί

112 3978 134 4020 et
152 3976 234 4025 studio
251 3973 443 4041 propendebat,
461 3983 540 4040 atque
559 3974 596 4024 ita
614 3974 722 4024 odiosus
736 3973 801 4037 iliis,
821 3981 850 4024 ut
868 3972 986 4024 barbaris
1008 3974 1117 4024 amicus.
1138 3987 1198 4024 nam

113 4045 178 4107 quasi
199 4055 289 4112 pastor
311 4045 427 4096 barbaris
445 4043 515 4110 lupis
540 4058 649 4112 gregem
677 4045 722 4094 diu
742 4052 878 4111 noctuque
902 4044 935 4094 ad
955 4044 1083 4095 edendum
1102 4051 1197 4110 sponte

112 4115 239 4180 praebuit,
264 4124 293 4166 ut
315 4131 370 4167 nou
396 4114 481 4166 solum
509 4117 624 4182 undique
643 4114 711 4166 lanis
730 4115 923 4166 vellicarentur
948 4130 1031 4179 aves,
1052 4115 1197 4166 sedetiam
1297 4157 1299 4164 .

112 4181 169 4247 ipris
186 4187 340 4238 orbarentur
362 4185 493 4252 pellibus3
512 4203 591 4254 quarn
609 4200 663 4236 non
680 4185 766 4237 solum
780 4186 831 4252 ipsi
850 4185 980 4238 solvenda
999 4192 1089 4238 essent
1111 4198 1197 4236 aunon

112 4254 210 4324 tributa,
226 4258 274 4310 se'd
291 4259 369 4308 etiam
387 4256 515 4323 barbaris,
533 4264 675 4325 propterea
694 4257 764 4324 quod
784 4272 868 4328 usque
887 4259 919 4308 ad
940 4264 1031 4324 portas
1055 4257 1150 4308 vineae
1171 4259 1199 4308 et

171 4353 329 4426 Νίιιφλοικι
350 4353 458 4426 (λοιμον.
485 4353 538 4407 λὀλ.
557 4352 617 4408 λίίι
981 4352 1015 4405 12
