2926 4906
179 411 401 522 nrsnoamn
424 412 684 480 nmaununn
701 413 836 480 xxxiv.
857 389 1046 479 att-57.
1104 394 1179 476 469

79 595 138 659 ρον
162 573 326 658 ἐνομίσθη,
352 571 433 638 ἀλλὰ
452 574 574 658 τὸμὲν
589 573 746 660 σωτήριον
767 574 864 657 σῶμα
877 569 958 659 πρός
977 568 1012 636 τό
1035 565 1180 636 άκτιστον

75 677 322 758 μεταβεβλῆθαι
347 675 402 740 καί
423 670 610 761 άφθαρτον,
644 673 678 740 τό
717 673 753 739 δέ
786 673 886 760 φανὲν
908 673 1079 759 τηνικαῦτα
1110 672 1180 756 φάς

78 774 196 859 θεότης
222 771 364 852 ἀκτιστος
393 777 449 841 καί
471 774 616 852 άνοόσιος
637 769 735 853 εἶναι,
756 775 825 841 τότε
845 775 904 856 μὲν
933 771 988 838 ἐπὶ
1005 773 1062 837 τοῦ
1083 767 1180 857 ὅρους

78 867 147 939 οἷον
171 875 274 961 ἀρχῆς
292 876 460 962 γενομένης
479 879 520 964 τῇ
540 876 736 962 ἀκτιστότητι
757 878 814 942 τοῦ
837 873 1011 961 άνθράπου
1034 871 1090 938 καί
1114 871 1179 958 ἀφ·
1316 957 1322 966 .

50 975 206 1063 5θαρσίηι
227 973 271 1051 αἷς
292 977 326 1040 ἐν
349 976 537 1062 ἀρραβῶνας
558 976 675 1064 τρόπῳ,
696 974 777 1060 μετά
808 976 843 1040 δὲ
865 974 1004 1040 θάνατον
1024 972 1079 1038 καί
1100 968 1181 1058 πρὸς
1220 985 1242 1028 ·'·

78 1073 238 1160 οόρανοός
261 1075 417 1159 ἀνάβασιν
436 1075 551 1152 τελέως
574 1073 637 1162 ἤδη
658 1078 811 1162 γενέσθαι
830 1073 886 1142 καί
905 1075 1001 1163 φάσει
1026 1069 1180 1148 ἀκτιστον,

78 1177 136 1242 καί
158 1172 206 1240 ότι
228 1174 389 1263 ἀρχὴτῆς
410 1177 618 1260 είκονομάχου
642 1172 797 1261 αἱρέσεως
817 1176 948 1252 ἐκείνοις
967 1173 989 1258 ἦ
1009 1175 1065 1258 τῆς
1081 1194 1180 1255 μετα-

76 1276 281 1364 μορφώσεως
311 1279 418 1364 γέγονε
440 1278 623 1364 πρόφασις,
658 1277 831 1362 ἀκηκόατε,
856 1275 921 1357 ,οὐκ
955 1273 1081 1340 οἴκοθεν
1102 1270 1181 1355 ἐμοῦ

79 1377 302 1462 διηγουμένου,
326 1375 407 1442 ἀλλά
432 1379 490 1441 τοῦ
508 1377 650 1463 μεγάλου
678 1381 800 1463 πατρὸς
829 1376 885 1442 καί
906 1374 1101 1442 διδασκάλου
1122 1373 1181 1454 τῆς

39 1479 134 1541 sosoi
150 1477 230 1540 θεοῦ
246 1477 414 1562 ἐκκλησίας
421 1525 429 1554 ,
448 1465 486 1540 οὗ
501 1474 536 1540 τό
561 1475 742 1554 ἀξιόπιστον
758 1478 835 1562 μηδ’
852 1473 947 1540 αὐτόν
968 1467 1061 1556 οἶμαι
1071 1493 1180 1556 παρα,
1197 1503 1199 1512 ·
1224 1513 1227 1526 ·
1261 1487 1267 1532 ’,

76 1576 276 1662 λογίσασθαι
288 1575 341 1642 τόν
357 1578 520 1660 διάβολον,Ι
536 1576 581 1663 μὴ
594 1575 650 1641 οὐκ
673 1576 780 1661 ἀληθῆ
794 1576 905 1661 λέγειν,
930 1572 988 1655 οόχ
1010 1569 1059 1640 ότι
1076 1569 1180 1661 σοφίη

76 1679 165 1770 πάσῃ
188 1679 231 1764 τῇ
245 1701 280 1741 τε
294 1680 438 1763 θύραθεν
459 1677 515 1742 καί
530 1673 590 1763 όση
605 1680 660 1762 τῆς
673 1681 749 1742 καθ’
763 1675 849 1760 ἡμᾶς
867 1674 1029 1758 εὐσεβείας
1047 1670 1065 1737 ό
1080 1669 1180 1758 μέγας

75 1780 280 1863 κεκόσμηται,
306 1779 373 1844 ἀλλ’
397 1776 444 1845 ότι
457 1778 513 1843 καί
532 1775 592 1864 όση
612 1776 693 1844 κατά
711 1777 788 1844 θεόν
811 1776 915 1863 ἀρετή,
937 1774 1066 1850 τελείως
1086 1772 1178 1858 ἐξήσ-

74 1901 155 1964 κησε
192 1879 301 1944 πάσαν
332 1880 388 1945 καί
424 1877 505 1966 πρός
541 1876 576 1944 τό
606 1879 778 1964 ἀκρότατον
809 1879 924 1963 ταότης
954 1875 1105 1966 ἀφίκετο,
1136 1871 1179 1951 ιδς

36 1984 65 2037 15
76 1982 182 2048 πάντα
215 1981 378 2067 προέσθαι
400 1978 541 2070 ῥηιδίως,
572 1979 617 2066 μὴ
651 1977 700 2046 ότι
720 2003 757 2066 γε
787 1977 848 2045 όσα
880 1977 1105 2061 τοῦσώματος
1130 1967 1180 2061 εἴη

78 2080 173 2158 ἐκτός,
199 2079 280 2145 ἀλλά
296 2082 351 2146 καί
372 2079 447 2146 arbi
460 2105 495 2167 γε
514 2078 550 2146 τό
573 2084 667 2162 σῶμα
682 2083 738 2164 τῆς
759 2080 851 2155 θείας
867 2080 971 2166 ἕνεκεν
992 2075 1116 2162 ἀγάπης
1133 2077 1181 2158 είς

80 2180 151 2257 τοὺς
168 2179 249 2266 όπὲρ
272 2184 328 2265 τῆς
349 2179 512 2264 εὐσεβείας
534 2173 705 2257 κινδάνοος
725 2181 902 2266 προδοῦναι
928 2176 1113 2263 προθύμως,
1136 2171 1195 2249 clu·

80 2281 230 2367 ἀνωτέρω
250 2281 447 2368 προέφημεν.
470 2279 519 2346 ότι
540 2281 575 2346 δὲ
597 2279 653 2345 καί
672 2280 797 2363 ἀσεβῶς
818 2276 858 2342 τά
880 2277 975 2365 σφίσι
985 2275 1177 2361 νομισθέντα
1187 2287 1242 2343 ΙΙ

76 2382 270 2466 νενόμισται,
297 2385 391 2466 δῆλον
422 2381 479 2446 καί
499 2383 580 2446 τοῦτ’
604 2381 639 2444 ἐκ
659 2383 722 2445 τεόν
743 2378 841 2444 αάτοῦ
868 2376 1058 2465 nuptiantes*
1081 2376 1177 2440 ἀναν·
1206 2391 1239 2436 ··.

38 2482 234 2568 λλτιρρήτων
252 2481 377 2568 γέγονεν
402 2479 607 2559 ἀποδείξεων.
652 2481 756 2546 καίτοι
779 2479 834 2544 διὰ
855 2477 913 2574 ηάς
933 2476 1179 2564 περιεστηκυιάς

74 2582 160 2665 κάμέ
180 2581 261 2667 πρὸς
279 2583 342 2645 τῶν
365 2583 508 2646 διωκτολν
529 2577 702 2667 συμφοράς
725 2579 793 2646 οὐδ’
815 2579 911 2661 ἔσχον
932 2576 1020 2654 όπως
1040 2573 1094 2642 ὕπ’
1119 2574 1178 2640 αό-

72 2685 138 2748 ταῖν
159 2682 336 2758 κλαπείσας
355 2679 413 2756 τάς
434 2681 554 2748 ἐκείνου
577 2683 712 2765 βίβλους
733 2681 942 2764 παμπόλλους
973 2673 1071 2754 οὔσας
1093 2675 1177 2740 ἀνετ-

75 2781 207 2869 ληφιός,
239 2785 272 2860 ἔξ
306 2774 349 2848 ὧν
379 2781 435 2847 καί
463 2779 539 2847 ὅθεν
571 2785 723 2860 πολλάκις
759 2781 994 2865 ἀναλαμβάνων
1023 2780 1178 2866 πρότερον

75 2882 249 2968 ἐθταόρουν,
272 2887 444 2970 προθεῖναι
455 2885 513 2948 νῦν
532 2880 610 2968 ἡμῖν
620 2880 661 2950 τά
674 2883 784 2968 πολλῷ
803 2884 866 2946 τῶν
881 2879 1056 2968 εἰρημένων
1077 2877 1177 2948 πλείω

75 3261 195 3307 creatum
206 3257 384 3320 permutatum
398 3268 457 3307 erse
477 3261 503 3306 et
520 3252 735 3321 incorruptibile,
755 3251 841 3304 lucem
862 3257 951 3304 autem
968 3258 1024 3302 tum
1042 3248 1178 3303 lucentem

74 3327 202 3378 deitatem
212 3324 357 3376 increatam
369 3333 396 3376 et
407 3324 637 3378 insubstantialem
648 3341 717 3389 esse,
736 3325 765 3376 in
776 3330 867 3375 monte
879 3322 1052 3375 increationis
1062 3320 1178 3374 bominis

77 3405 104 3447 et
121 3387 333 3461 inco'rruptionis
344 3395 450 3448 initium
460 3396 559 3450 lactum
570 3397 597 3448 in
610 3396 731 3464 pignoris
739 3395 855 3457 modum,
871 3401 1055 3461 postmortem
1075 3398 1179 3444 eteoe.

75 3467 118 3520 los
138 3467 328 3518 assumtionem
347 3465 471 3518 absolute
488 3469 540 3520 iam
559 3469 715 3531 increatum,
735 3467 850 3534 deniqne
868 3465 973 3517 initium
985 3462 1179 3517 iconomacho.

75 3553 133 3590 rum
153 3537 298 3589 haereseos
311 3537 349 3588 eis
362 3552 421 3588 csse
434 3554 467 3588 ex
477 3539 717 3608 transfigurationis
731 3539 859 3604 opinione
871 3537 979 3601 iactum,
999 3537 1050 3588 lam
1060 3549 1114 3587 non
1125 3548 1178 3599 me,
1201 3571 1203 3575 -

75 3610 123 3662 sed
144 3621 269 3678 magnum
288 3615 389 3674 patrem
408 3613 435 3659 et
453 3608 561 3662 divinae
581 3609 714 3661 eeclesiae
734 3615 936 3676 praeceptorem
953 3613 1106 3660 narrantem
1127 3619 1179 3658 au.

74 3680 163 3733 dietis.
201 3679 277 3730 onius
295 3679 372 3730 iidem
395 3693 431 3730 ne
452 3679 585 3731 diabolum
606 3681 712 3748 quidem
730 3687 915 3746 superaturum
938 3686 1022 3746 puto;
1042 3693 1096 3730 non
1116 3676 1179 3745 quia

74 3751 149 3803 omni
171 3751 292 3801 doctrina
311 3749 424 3816 prolana
443 3757 470 3800 et
489 3765 557 3818 qnae
577 3751 610 3803 ad
630 3749 790 3817 religionem
810 3756 926 3800 nostram
946 3755 1051 3815 spectat
1067 3763 1184 3817 magnus,

74 3821 282 3890 cognominatus
302 3827 360 3883 eat,
391 3822 438 3872 sed
470 3822 540 3889 quod
559 3835 664 3872 omnem
684 3821 713 3872 in
732 3821 810 3872 deum
834 3819 960 3872 uirtutem
981 3819 1179 3886 perfectissime

74 3891 212 3956 excoluit,
232 3891 310 3942 etad
329 3905 456 3942 summum
474 3893 501 3943 in
520 3906 551 3942 ca
572 3892 706 3958 fastigium
725 3891 867 3957 pervenit,
885 3890 923 3940 ita
941 3897 971 3941 nt
991 3890 1079 3940 omnia
1097 3889 1179 3942 iacile

71 3965 196 4015 mitteret
220 3975 275 4013 non
293 3961 373 4012 modo
398 3977 467 4030 quae
499 3970 574 4014 extra
599 3975 712 4029 corpus,
737 3977 829 4013 rerum
857 3961 936 4012 etiarn
960 3960 1047 4026 ipsum
1079 3974 1176 4027 eorpus

72 4049 167 4086 amore
188 4033 217 4084 in
236 4033 313 4083 deum
339 4031 432 4084 duetus
457 4035 485 4086 in
509 4031 630 4100 pericula
657 4032 691 4083 ob
710 4031 869 4099 religionem
897 4031 1034 4084 subeunda
1051 4029 1177 4082 lubenter

73 4106 205 4157 traderet.
254 4103 324 4171 quod
352 4103 468 4171 deniqne
495 4104 662 4225 impundenter
690 4116 781 4154 eorum
805 4102 904 4170 placita
929 4101 1066 4165 refutavit,
1094 4109 1124 4151 ut
1144 4113 1178 4151 ex

74 4177 136 4227 eins
159 4174 246 4227 llootis
260 4181 286 4226 et
304 4173 386 4225 lirmis
402 4190 528 4244 argumen
557 4173 674 4226 tionibus
695 4175 826 4242 apparuit,
842 4187 893 4225 nee
913 4172 1033 4240 equidem
1054 4171 1177 4234 iortuuls,

74 4261 146 4315 qnae
169 4261 216 4298 me·
231 4245 264 4296 ab
283 4245 376 4297 amicis
391 4245 605 4310 circumstabant,
625 4245 769 4310 retinebar,
789 4246 930 4314 quominus
948 4243 1021 4296 illins
1040 4241 1124 4294 libros
1143 4241 1177 4293 ab

73 4319 119 4371 bis
139 4317 233 4372 furtim
247 4315 371 4369 uublatos
395 4317 541 4384 permultos
561 4315 736 4386 colligerem,
763 4331 796 4370 ex
815 4315 910 4387 quilius
928 4313 1010 4368 multa
1027 4319 1106 4365 antea
1124 4320 1177 4384 pe·
