2910 4896
199 347 420 416 ursuonrsn
437 300 696 416 nuznn‘rmtu
714 285 822 416 xxii.
844 331 1031 418 [ιθ-λλ.
1054 401 1056 408 .
1110 325 1183 417 '253'

102 506 268 596 ι’ναθῆματι
300 513 498 596 καταστῆναί
511 537 578 588 πως
600 512 771 598 αύτηκοσς,
801 509 881 596 μήτε
901 510 966 595 μὴν
986 507 1043 587 τύς
1062 509 1184 578 ἐκείνοιν

10 623 11 626 ’
100 621 162 695 παρ’
194 599 301 697 aovin
325 617 491 695 γινομένας
522 614 682 694 λαθραίας
708 609 861 697 μηνύσεις
890 615 946 677 καί
973 608 1184 696 παρακλήσεις

101 715 204 790 διελεῖς
227 713 492 798 παρακρούεσθαι
524 717 695 798 δυνομένη.
749 711 804 778 καί
833 713 917 779 τοῦτ’
950 706 990 796 ἦν
1011 707 1029 776 δ
1049 713 1108 795 τήν
1128 714 1185 796 τῆς

102 815 249 898 ἐκκλησίας
273 815 326 878 καί
344 815 525 879 τῶνθεέων
546 817 624 889 τέως
645 815 811 896 δογμάτων
841 811 969 895 ἔσβεσεν
990 811 1183 896 ἐπανόρθω-

402 939 416 990 ς
439 939 470 990 ες
490 916 586 979 ταῦτα
603 916 755 997 σπουδῆς,
779 909 869 994 οἶμαι
891 919 948 978 τοῦ
969 917 1048 979 θεοῦ
1069 922 1184 978 τελεω·

99 1021 181 1097 τέραν
203 1013 492 1099 ἐτι,γενὲοθοι·τὴν
512 1017 575 1079 τῶν
597 1015 678 1099 ὑπὲρ
700 1015 868 1097 εύσεβείας
891 1013 1074 1080 ἀθλούντων
1097 1017 1184 1079 δοκι-

98 1120 204 1196 μασιάν
225 1119 513 1202 ἐπιψηφιζομένσυ.
567 1115 606 1178 ου’
633 1113 695 1197 γὰρ
722 1120 785 1180 τῶν
806 1117 992 1200 α’ρξαμένων
1021 1117 1133 1181 α’θλεῑν
1155 1113 1184 1180 αἱ

100 1222 235 1302 οτέφονοι
257 1219 315 1281 καί
336 1215 375 1281 τύ
397 1213 535 1298 ἔπαθλα,
557 1215 636 1281 diti
658 1220 721 1282 τούν
745 1209 823 1299 ἄχρι
844 1220 953 1292 τέλους
974 1216 1084 1280 α’νύειν
1105 1241 1185 1296 προ·
1273 1257 1278 1264 ,

100 1303 297 1396 θυμουμένων
326 1311 451 1382 ἅπαντα
476 1315 529 1382 τόν
558 1320 615 1381 τοῦ
644 1307 767 1400 δρόμου
788 1319 927 1381 δίαυλον.
957 1314 1006 1379 διδ
1030 1317 1085 1380 καί
1106 1325 1185 1381 πολ-

72 1414 178 1493 wilm
198 1409 302 1482 ύλλων
324 1419 503 1482 κοπιώντων
537 1409 627 1481 ἄλλοι
650 1415 722 1492 τούς
744 1419 869 1483 ἐκείνων
887 1417 1031 1499 μόχθους
1052 1415 1186 1501 α’πονητί

102 1516 288 1596 λαμβάνουσί
306 1543 341 1584 τε
372 1517 427 1582 καί
459 1518 673 1598 ἀπολαύουσι,
702 1518 774 1601 μήτ’
810 1520 934 1582 ἐκείνων
966 1520 1185 1602 ζημιουμὲνων

102 1615 149 1690 τοὶς
167 1616 299 1698 α’μοιβοῖς
320 1617 398 1702 πρὸς
418 1622 475 1683 τοῦ
499 1621 771 1701 ἀγωνοθετοῦντος
801 1621 881 1684 θεοῦ
902 1617 954 1683 διδ
985 1622 1045 1682 τού
1061 1605 1185 1700 μεταξύ

101 1719 156 1779 mis
179 1716 307 1799 ύμιύνων
325 1717 490 1798 θανάτου,
513 1720 568 1782 καί
593 1723 657 1783 τῶν
685 1720 827 1802 ύστέροον
856 1715 1089 1784 κοινωνούντων
1120 1726 1186 1798 τοῖς

100 1811 223 1896 πρύτοις
246 1818 300 1882 διὰ
323 1815 380 1900 τήν
411 1823 474 1884 ταῖν
502 1815 629 1901 τρύπων
660 1815 829 1904 ὁμοιότητα
860 1824 915 1902 τῆς
948 1821 1101 1902 διανομῆς
1126 1822 1187 1882 τῶν

72 1919 259 2002 ςςβραβείων,
280 1919 320 1982 τὰ
339 1918 428 2004 βάθη
450 1915 514 1983 ταῖν
538 1908 598 1984 τού
613 1923 691 1985 θεοῦ
713 1917 874 2005 νριμύτων
895 1913 933 1983 ού
956 1923 1139 2000 δυναμένων
1154 1915 1188 1982 ἐν

65 2042 69 2046 ·
102 2015 209 2094 τούτοις
233 2015 323 2103 ἡμῶν
346 2023 488 2101 ἐρευνᾶν.

189 2116 335 2186 Είκύσειε
358 2124 387 2184 δ’
411 2115 450 2185 ἄν
470 2145 518 2199 τις
539 2119 616 2198 ἴσως
637 2121 680 2197 αἱς
701 2132 766 2199 τοῖς
785 2124 913 2205 οιόεβέοι
935 2121 1082 2194 διαέκταις
1098 2121 1252 2204 rionis„

103 2224 231 2285 τουτοισί
262 2226 432 2303 μετανοίαις
465 2224 598 2305 α’νοίγων
617 2222 725 2306 θύραν
754 2223 771 2287 e‘
794 2222 896 2298 καινὸς
931 2224 1115 2307 προμηθεύς
1137 2225 1187 2286 δί-

104 2319 173 2384 δωσί
191 2345 222 2386 τι
254 2325 406 2407 διαμονῆς
433 2322 546 2406 καιρόν
576 2329 745 2407 ἐνταυθοῖ,
779 2327 834 2388 καί
854 2325 1062 2406 ύπερτίθησκν
1081 2320 1190 2389 ἐκοτέ-

72 2442 162 2500 ηηροις
182 2417 336 2508 ἐκύτερα,
369 2426 446 2509 ἡμῖν
472 2449 505 2490 τε
535 2427 591 2508 την
619 2430 711 2490 θείαν
736 2428 921 2510 ἐπικουρίαν
950 2424 1104 2498 κάκείναις
1135 2426 1190 2508 τὴν

105 2519 220 2586 δικαιάν
242 2521 450 2601 ἐπεξέλευσιν.
494 2526 638 2590 παιδεύει
658 2528 685 2589 δ’
701 2519 756 2590 σύν
779 2520 865 2607 ὅμως
884 2524 1054 2612 συμφοραῖς
1077 2529 1287 2611 irrupi-oswi
1300 2560 1328 2602 γ.

106 2643 161 2700 ρον
178 2628 231 2687 νῦν
248 2623 363 2705 μὲνέξ
383 2627 527 2711 αι’λλήλων
549 2625 696 2710 ἀλληλοις
712 2623 979 2711 αἷλλεπολλὴλους,
1001 2626 1054 2691 ἵνα
1070 2631 1190 2706 μᾶλλον

106 2724 150 2803 τῆς
178 2718 299 2789 ἐαυταῖν
332 2732 443 2803 κακίας
477 2730 679 2792 αἰσθάνοιντο
711 2729 766 2814 (ού
786 2723 846 2810 γὰρ
870 2725 951 2792 κατὰ
981 2731 1037 2793 τού
1063 2727 1189 2810 δμαθού

109 2952 238 3012 constitute
272 2969 332 3007 esse
352 2954 512 3022 spectatrix,
540 2969 629 3023 neque
653 2951 776 3022 proiecto
802 2953 877 3007 illins
901 2951 974 3020 apud
993 2953 1075 3020 ipsam
1107 2951 1190 3006 iactas

111 3019 275 3078 clandestinas
297 3025 475 3078 indicationes
494 3034 522 3077 et
539 3027 731 3078 admonitiones
750 3026 838 3078 irritas
856 3025 991 3092 repellere
1010 3023 1113 3076 valens.
1164 3033 1192 3075 et

108 3090 151 3144 hoc
169 3105 222 3148 erat
241 3099 311 3165 quod
330 3096 463 3149 ccclesiae
488 3104 515 3149 et
539 3098 689 3150 divinorum
718 3097 859 3166 aliquando
885 3097 1034 3164 dogmatum
1062 3096 1192 3161 repressit

108 3177 186 3218 reram
205 3171 423 3221 constitutionem
442 3185 500 3220 cnm
519 3183 578 3220 meo
597 3169 647 3221 irae
672 3171 699 3221 iu
724 3186 754 3222 re
776 3170 871 3221 studio.
909 3176 972 3235 puto
995 3168 1045 3218 deo
1065 3181 1191 3233 compro.

109 3233 177 3289 hante
196 3241 384 3307 perfectiorem
405 3241 483 3292 ctiam
503 3241 597 3292 iactam
619 3257 679 3293 esse
698 3243 731 3293 de
749 3241 849 3307 pietate
874 3240 1031 3291 certantium
1053 3239 1190 3290 examina.

110 3307 205 3362 tionem.
240 3327 295 3364 non
315 3313 385 3363 enim
405 3327 496 3363 eorum
509 3314 554 3380 qui
574 3313 706 3378 incipiunt
724 3321 828 3363 certare
846 3319 908 3362 sunt
925 3324 1041 3362 coronae
1062 3317 1089 3360 et
1110 3324 1191 3377 prae.

110 3378 152 3429 mia
168 3383 211 3437 sed
231 3399 322 3435 eorum
344 3384 389 3450 qui
409 3399 494 3452 usque
514 3384 546 3435 ad
564 3385 642 3434 linem
661 3385 764 3435 emetiri
779 3384 864 3450 parati
881 3391 942 3434 suut
960 3389 1042 3432 totum
1062 3381 1190 3432 curriculi

110 3453 217 3514 spatium.
237 3470 320 3524 qnare
339 3456 418 3506 etiam
434 3470 515 3521 saepe
535 3455 596 3506 aliis
616 3453 799 3506 laborantibus
817 3454 864 3505 alii
881 3452 987 3505 illorum
1007 3452 1114 3504 labores
1133 3455 1192 3504 sine

110 3517 188 3575 labore
206 3526 321 3578 subeunt
339 3527 427 3593 iisque
446 3526 568 3577 fruuntur
586 3541 665 3592 quum
684 3542 772 3592 neque
792 3523 833 3575 illi
854 3533 964 3592 propter
983 3539 1075 3600 cursus
1094 3525 1191 3575 remis.

109 3591 197 3646 sionem
225 3608 240 3649 a
265 3604 433 3665 proponente
461 3598 604 3648 certamina
631 3599 681 3648 dcc
707 3604 792 3647 morte
817 3596 1003 3647 certaminibus
1034 3596 1193 3661 interposita

108 3663 253 3732 plectantur,
275 3677 301 3720 et
320 3669 484 3734 posteriores
504 3683 562 3718 curn
583 3667 716 3734 prioribus
738 3675 847 3734 propter
864 3668 995 3719 rationum
1013 3665 1192 3734 aequabilita.

107 3741 151 3788 tem
169 3741 339 3792 communiter
359 3747 459 3805 partem
479 3740 592 3806 quisque
611 3754 684 3790 suam
707 3739 883 3805 praemiorum
902 3738 1043 3804 accipiant.
1083 3739 1192 3789 divino.

107 3823 154 3860 rum
178 3820 263 3865 antem
291 3811 449 3862 iudiciorum
476 3818 594 3860 naturam
623 3810 802 3862 absconditam
826 3811 991 3877 investigare
1022 3810 1050 3860 in
1073 3807 1115 3860 his
1141 3823 1191 3860 nos

107 3882 199 3946 quidem
216 3899 270 3935 non
289 3897 437 3950 possumus.

195 3980 351 4034 Coniecerit
368 3986 454 4030 autern
476 3977 589 4030 fortasse
607 3977 704 4046 aliquis
724 3979 812 4044 impiis
832 3977 873 4028 his
889 3977 989 4028 uostris
1008 3979 1191 4043 persecutori.
1240 3983 1246 3992 “
1308 3971 1311 3978 “

108 4045 151 4099 bus
165 4051 194 4102 al
208 4051 390 4118 poenitentiae
404 4051 628 4116 opportunitatem
646 4049 804 4101 ollcrcndam
818 4064 979 4100 communem
992 4049 1105 4100 omnium
1116 4057 1192 4100 tuto.

31 4121 34 4126 ’
110 4133 157 4168 rem
173 4121 252 4174 'deum
270 4121 393 4174 manendi
414 4121 459 4172 hic
475 4130 579 4187 tempus
593 4121 721 4187 praebere
742 4130 768 4173 ct
785 4121 923 4187 imponere
936 4121 1056 4188 utrisque
1069 4129 1192 4188 utraque,

109 4190 177 4243 nobis
195 4195 311 4246 livinum
330 4190 459 4245 auxilium
483 4201 510 4243 et
527 4191 583 4243 iliis
594 4194 688 4245 iustam
702 4206 824 4259 poenam.
848 4200 927 4244 vocet
945 4193 1027 4259 igitur
1045 4191 1077 4242 ad
1093 4191 1192 4242 melio.

110 4263 282 4338 remorigen,
301 4265 467 4320 calamitates
484 4265 625 4318 inferendo
654 4278 726 4318 nunc
747 4265 853 4335 quidem
881 4272 942 4334 post
960 4262 1028 4324 alios
1046 4262 1107 4317 eliis
1125 4277 1191 4332 per.
