2992 4916
290 317 366 400 too
440 317 447 324 '
594 331 820 402 mcurnour
848 335 1082 402 cumcurn

285 487 486 576 Ἑλληνικῆς,
520 490 581 580 ὅτῳ
613 491 652 557 δν
670 496 769 558 πάνθ’
801 494 939 560 duodeci
963 496 1077 583 mammo
1098 495 1217 582 γίνεται
1236 494 1390 577 θαύματα

289 592 451 678 λατρεύειν
480 590 528 679 εἴη
552 592 606 658 διὰ
630 587 808 680 φροντίδος.
859 595 1015 682 οὐδὲγὰρ
1041 596 1389 680 οὗδὲσῷμάτίέστιν
1491 605 1492 614 ’

289 689 309 776 ἦ
337 689 480 769 ἄκτιστος
501 695 603 779 ἐκείνη
630 699 688 759 τοῦ
708 700 853 782 σωτῆρος
877 697 987 775 olata,
1010 697 1062 762 ἵνα
1076 698 1175 784 μέρος
1196 700 1256 782 μὲν
1277 725 1387 785 παρα-

290 795 379 880 φανῇ
397 793 496 880 μέρος
520 798 549 859 δ’
572 792 626 858 οὔ·
651 799 718 874 πῶς
739 798 818 882 γάρ,
852 797 972 882 ἀμερὴς
993 792 1074 862 οὖσα
1099 799 1307 881 δύναμιςκαὶ
1327 826 1385 865 κυ-

289 895 367 978 ρίοις
388 897 431 972 ἓν,
455 895 599 980 ἀριθμοῦ
618 895 736 973 παντὸς
766 899 967 963 παντάπασιν
998 896 1186 986 δαέρτερον·
1231 900 1303 966 οὗτε
1321 902 1409 988 γὰρη

220 1003 274 1058 u
287 993 389 1078 ἐκείνη
410 999 561 1082 μερισμρῖ
581 999 644 1062 τινί
680 998 784 1062 δυάδα
804 1001 1004 1084 γεγέννηκεν,
1033 996 1097 1064 οὔτ’
1121 998 1260 1087 ἀριθμὸς
1283 1001 1387 1078 οὕδεές

287 1093 433 1178 ἐμέρισεν
455 1097 566 1182 αὐτην·
604 1097 672 1162 ἀλλ’
695 1099 729 1162 ἓν
751 1093 833 1163 οὖσα
854 1099 950 1187 φύσει
968 1104 1024 1166 καί
1043 1103 1144 1184 μονὰς
1165 1103 1224 1181 (λα’,
1245 1103 1384 1188 μεμένη-

286 1218 339 1259 κεν
363 1194 414 1261 dci
432 1199 590 1283 μοναδικὴ
609 1223 644 1264 τε
674 1200 730 1264 καί
753 1197 913 1286 νῖτρειιτος
944 1203 999 1268 καὶ
1028 1203 1175 1289 δόρατος.
1219 1207 1302 1292 φησί
1320 1205 1383 1290 γὰρ

191 1353 194 1366 ,
286 1295 382 1361 καὶὸ
409 1301 497 1374 θεῖος
523 1301 754 1385 Χροσόστομος
784 1301 827 1379 ὥς
856 1307 886 1369 εἰ
911 1305 1008 1391 αὐτὴν
1036 1301 1147 1394 ἐώρων
1169 1307 1199 1373 οἱ
1220 1311 1386 1394 προφῆται

286 1394 342 1478 τὴν
366 1397 463 1481 φύσιν
483 1401 541 1463 τοῦ
562 1401 649 1477 θεοῦ,
673 1400 729 1464 οὔκ
751 1398 792 1466 ἐν
815 1405 981 1490 διαφόρως
1005 1408 1160 1472 ἐθεῶντο·
1216 1407 1301 1492 οἱνιλῆ
1321 1407 1426 1492 ydolo

286 1519 335 1572 τις
357 1497 459 1582 ἐκείνη
482 1499 537 1564 καὶ
555 1499 791 1586 ἀσχημάτιστος
812 1505 868 1569 καὶ
882 1504 1054 1583 ἀσύνδετος
1072 1508 1129 1573 καί
1151 1507 1386 1594 ἇπερέγραιιτος

286 1599 343 1664 καί
376 1600 427 1666 ἀεὶ
454 1600 608 1680 duamur
637 1605 769 1686 ἔχουσα.
822 1609 891 1672 ἄλλ’
921 1609 1021 1689 ἔδειξε
1056 1612 1136 1698 φησί
1164 1615 1220 1696 τῆς
1245 1612 1385 1677 ἀθεάτου
1448 1649 1452 1665 ·
1492 1659 1493 1682 r

287 1703 397 1784 θεῖκῆς
416 1701 514 1766 αιάοὕ
534 1707 702 1786 βασιλείας
727 1706 784 1792 τὴν
807 1708 911 1787 δόξαν.
946 1706 1035 1776 -εἶτα
1068 1713 1105 1776 οὗ
1138 1713 1173 1778 τὸ
1206 1713 1385 1792 ἐκκαλύψαι

285 1801 386 1881 μείζω
407 1801 462 1884 της
484 1803 618 1886 δύναμιν
639 1804 782 1885 ἔχειτοῦ
808 1811 929 1887 δεῖξαι·
950 1811 1190 1896 κεκαλυμμένον
1219 1815 1280 1897 γάρ
1302 1835 1385 1888 τινος

289 1901 384 1983 δηλοῖ
403 1903 587 1986 φανέρωσιν
606 1906 807 1992 πράγματος·
860 1908 895 1974 εδ
931 1912 965 1976 δὲ
988 1915 1096 1990 δεῖξαι
1134 1913 1217 1991 λέξις
1238 1913 1306 1977 ἐστι’
1326 1912 1426 1982 adsto
1492 1923 1493 1930 ’

286 2007 353 2076 τοῖς
374 2003 577 2087 φαινομένοις
597 2006 756 2093 χρειώδης
787 2007 911 2089 δαλοῖς,
943 2010 1050 2099 ὥσπερ
1085 2011 1123 2078 ἂν
1157 2015 1186 2078 εἰ
1211 2013 1244 2078 ἐν
1262 2017 1385 2096 βαλαν-

286 2123 342 2187 τιιρ
372 2103 618 2188 καλυπτομένων
638 2109 816 2195 μαργάρων
838 2112 936 2194 μόνον
968 2115 1103 2178 δεικνδοι
1124 2139 1171 2191 τις
1202 2112 1237 2178 τὰ
1264 2111 1386 2194 βαλάν-

223 2217 226 2224 “
286 2226 372 2268 τιον·
417 2194 506 2282 οὗτος
533 2205 594 2293 γὰρ
625 2207 725 2288 ἔδειξε
746 2210 826 2292 μέν,
848 2212 903 2276 οὐκ
926 2215 1101 2297 ἔξεκολλοψε
1124 2215 1159 2279 δὲ
1179 2212 1214 2279 τὸ
1238 2213 1387 2299 ζητούμε-

286 2327 367 2370 νον»
413 2303 456 2382 ὥς
485 2308 541 2372 καί
571 2308 589 2371 ὁ
621 2296 721 2393 μέρος
756 2313 900 2378 διδάσκει
927 2317 1174 2400 Χρυσόσιομος,
1205 2315 1303 2399 λέγων
1336 2312 1387 2380 δτι

287 2403 343 2468 οὐκ
365 2405 456 2490 ἐνέβη
478 2404 633 2491 ὄἸησοῦς
656 2411 701 2485 εἰς
720 2407 755 2474 cd
778 2417 896 2492 πλοῖον)
918 2413 953 2479 τὰ
975 2419 1086 2498 duduc
1105 2418 1215 2498 μεῖζον
1227 2416 1427 2500 ἐργάσασ-οο

288 2509 347 2569 θαι
367 2508 561 2592 βουλόμενος
577 2510 633 2574 καί
656 2509 723 2595 ἅμα
744 2511 800 2597 τὴν
822 2514 958 2602 &adepta
980 2515 1086 2593 αὐτοῖς
1107 2516 1284 2598 ἐκκαλύψαι
1305 2540 1385 2602 τρα-

258 2617 261 2622 “
287 2605 423 2690 νδτερον.

286 2934 441 3006 ubieunque
459 2951 512 2990 nou
532 2939 679 3006 placuerit,
703 2947 835 2992 tacentem
858 2945 1000 2994 vero'uon
1029 2941 1075 2993 ubi
1096 2941 1238 3010 placuerit.
1273 2940 1382 2992 multum

287 3024 352 3064 tane
369 3008 525 3062 barbaricae
546 3012 682 3078 opinionis
697 3011 793 3078 plenus
807 3028 867 3064 esse
876 3012 986 3064 debebit
1004 3021 1031 3065 et
1042 3013 1142 3066 Graeco
1156 3013 1285 3064 atheismo
1300 3011 1382 3063 multo
1408 3035 1412 3040 ·

286 3072 418 3134 interiora
437 3089 540 3145 tencre,
559 3084 601 3134 cui
623 3099 800 3152 quaecunque
819 3099 868 3150 per
894 3084 983 3137 lucem
1012 3085 1077 3137 dunt
1106 3084 1233 3136 miracula
1259 3084 1383 3135 venerari

286 3155 376 3204 omnia
396 3153 530 3204 inanimo
552 3155 596 3206 sit.
633 3171 693 3207 uam
713 3157 874 3222 accorpori
895 3157 1001 3224 quidem
1021 3164 1064 3207 est
1087 3156 1208 3209 increata
1225 3155 1273 3206 illa
1292 3154 1383 3206 salva-

286 3225 353 3276 toris
372 3227 501 3287 essentia,
521 3225 559 3277 ita
577 3235 607 3279 ut
625 3242 685 3294 pars
706 3235 852 3294 appareat,
880 3243 941 3295 pars
962 3241 1016 3280 uon
1037 3236 1173 3294 appareat.
1213 3227 1274 3295 quid
1296 3222 1383 3277 enim?

286 3295 403 3346 indivisa
426 3297 495 3346 euim
516 3305 557 3348 est
575 3300 696 3364 potentia
714 3306 740 3348 et
760 3314 840 3349 unum
861 3299 991 3367 quoddam
1000 3301 1071 3350 omni
1091 3301 1198 3350 omuino
1212 3312 1321 3349 numero
1335 3313 1383 3347 su-

288 3366 389 3436 perius.
429 3381 498 3433 quae
516 3383 567 3418 uec
586 3370 719 3420 divisione
737 3369 794 3420 ulla
814 3369 996 3437 duplicitatem
1016 3371 1110 3438 genuit
1129 3385 1179 3420 nec
1198 3383 1308 3440 numero
1325 3367 1383 3417 ullo

288 3436 375 3488 divisa
396 3442 445 3501 est,
465 3437 609 3490 sedunum
630 3449 723 3492 natura
751 3449 792 3492 est
812 3449 838 3492 et
857 3442 1067 3509 semperuuitas.
1106 3441 1384 3506 mansituempernro-

288 3507 383 3560 tradica
404 3515 431 3560 et
450 3518 574 3562 coustant
596 3520 623 3564 et
641 3511 796 3567 invisibilis.
841 3514 905 3565 dicit
931 3513 1009 3565 etiam
1035 3513 1142 3564 divinus
1163 3513 1384 3577 chrysostomus:

292 3579 315 3632 si
334 3579 418 3645 ipsam
440 3580 572 3633 vidissent
590 3584 738 3650 prophetae
757 3583 800 3633 dei
822 3591 950 3648 naturam,
970 3585 1109 3636 nouvaric
1128 3581 1383 3648 contcmplalmutur.

290 3649 405 3717 simplex
424 3651 493 3702 enim
516 3656 642 3720 quaedem
664 3662 704 3706 cst
725 3670 756 3706 ea
778 3662 805 3705 et
823 3656 1026 3708 insubstantiata
1047 3664 1078 3706 et·
1096 3656 1274 3720 incomposita
1294 3661 1320 3704 et
1339 3652 1384 3701 in-

291 3721 462 3787 explicabilis
489 3733 516 3777 et
543 3739 648 3792 sempor
674 3726 766 3777 cadem
792 3729 905 3792 mansit,
931 3727 978 3778 sed
1005 3726 1120 3778 ostendit
1138 3726 1283 3777 invisibilis
1301 3721 1384 3774 divini

293 3794 370 3860 regni
391 3793 514 3862 gloriam.
553 3812 618 3863 crgo
639 3796 705 3848 illud
725 3797 869 3865 detegendi
894 3813 947 3850 uon
966 3797 1091 3848 maiorem
1111 3799 1164 3848 vim
1185 3796 1280 3859 habet,
1310 3807 1384 3861 quarn

290 3864 458 3936 peteudcudi.
494 3865 625 3918 obscurae
645 3861 720 3918 enim'
735 3870 775 3920 rei
797 3869 1002 3935 explicationem
1022 3868 1113 3930 affert;
1139 3868 1280 3918 ostendere
1299 3874 1385 3916 autem

292 3940 333 3985 ert
351 3932 453 3986 locutio
473 3938 551 3989 ctiam
569 3941 597 3988 in
618 3939 808 4004 apparentibus
828 3939 996 4006 rebusplane
1012 3939 1177 3991 necessaria.
1214 3937 1386 4004 quemadmo-

289 4004 350 4058 dum
370 4006 392 4056 si
414 4007 472 4072 quis
494 4009 643 4077 margaritis
668 4011 695 4060 iu
723 4026 802 4076 captu
821 4012 933 4064 inclusis
953 4026 1056 4077 capsam
1076 4008 1242 4060 solummodo
1263 4007 1386 4068 ostendit,

290 4091 344 4132 nou
365 4076 468 4145 detegit
486 4079 511 4129 id
531 4081 601 4146 quod
622 4081 768 4147 quaeritur.
806 4092 836 4134 ut
854 4085 933 4134 etiam
954 4097 1063 4150 magnus
1085 4079 1291 4146 chrysostomus
1309 4079 1387 4130 dicit:

290 4163 345 4202 οοο
365 4149 487 4201 ascendit
505 4149 579 4202 lesus
598 4167 694 4202 navem
715 4153 870 4205 miraculum
889 4157 973 4206 maius
992 4153 1134 4205 allecturus
1154 4159 1181 4202 et
1202 4150 1281 4203 simul
1301 4151 1388 4202 deita-

290 4227 345 4276 tem
366 4219 423 4282 ruia
443 4222 610 4277 manifestius
628 4223 812 4285 detecturos.x
