2910 4896
217 317 441 390 msnunun
467 317 724 390 οτιιοπιυλε
752 325 846 394 xxx.
875 305 1003 395 5-7.
1117 319 1189 396 οτι

103 480 244 570 ρύτατον,
268 485 313 561 ὥς
333 486 507 552 κάντεῦθεν
525 488 569 572 μὴ
591 487 687 571 μόνον
710 485 871 574 ἐξόριστον
889 487 1037 572 γεγονότα
1053 489 1108 556 τύν
1128 516 1192 556 πα-

100 583 244 672 τριάρχην
261 591 357 676 βιαίῳ
380 586 511 678 θανάτῳ
528 590 585 654 τού
594 592 669 676 βίου
689 593 829 676 περᾶσαι
850 588 909 675 τῆν
929 592 1087 676 τελευτῆν,
1109 589 1220 658 attii·
1236 593 1324 651 1³3¹·

100 688 149 749 ιαί
175 689 238 750 ταῖν
269 685 453 752 ἐπισκόπων
485 687 541 754 καί
572 696 794 775 πρεσβυτέρων
829 687 939 758 ύπάσοι
957 687 1013 775 τῆν
1046 691 1191 760 ἔνστασιν

99 788 262 871 άιλάνῆτον
281 785 376 872 ἔσχον
407 786 441 853 έν
462 799 529 866 τοῖς
551 794 685 876 δεινοῖς,
716 786 811 869 άλλσς
834 787 948 860 άλλοθι
969 798 1022 878 τῆς
1045 795 1191 876 οἰκουμέ-

78 895 144 970 ένῆς
165 885 355 972 διωγάμενοι
385 888 614 976 διεσπάρησαν.
670 897 714 959 έοέ
736 897 836 978 λέγειν
867 889 924 968 ούς
954 895 989 960 έν
1009 893 1116 982 εἱρκτῆ
1135 899 1192 961 καί

98 986 176 1077 ζύφφ
197 987 350 1074 θνῆσυειν
372 997 551 1075 συνέβαινε,
574 996 629 1058 καί
650 989 716 1060 ὅσοι
736 1000 818 1083 λιμῷ
841 998 895 1060 καί
917 998 1005 1078 δίψει
1028 995 1081 1062 καί
1103 996 1189 1084 πάσῃ

96 1090 151 1154 τοῖν
170 1092 354 1172 άναγκυίων
371 1095 568 1181 στενοχωρία
585 1098 703 1176 βιαιόις
723 1098 874 1171 θανάτοις
897 1097 1091 1180 οίπῆλλαξαν.
1136 1096 1191 1160 καί

96 1188 126 1254 τά
143 1214 177 1272 γε
195 1195 309 1274 μεῖζον
333 1185 378 1257 ὅτι
399 1195 480 1278 μηδὲ
505 1199 623 1282 ταφῆς,
646 1188 730 1280 σέγῆ
753 1201 807 1260 καί
829 1189 908 1279 ῆλιε,
930 1195 1010 1280 πρὸς
1034 1198 1095 1260 τῶν
1116 1197 1190 1261 ε’πι-

94 1293 214 1375 τρέείων
235 1291 408 1376 τυγχάνειν
430 1299 680 1378 συνεχωροῦντσ,
707 1299 787 1382 πλῆν
810 1287 914 1382 ῆὸοοι
934 1294 1013 1362 κατά
1036 1293 1072 1360 τύ
1094 1303 1189 1382 λελῆ-

63 1389 145 1467 ittig
165 1392 415 1478 καταράττοντι.
448 1387 492 1460 ὧν
514 1396 589 1462 ούδέ
609 1397 732 1464 τούτων
755 1397 929 1482 ἀπέσχοντο
943 1393 973 1462 οἱ
996 1395 1089 1474 κυνὸς
1111 1405 1187 1464 Λυ-

94 1499 192 1580 ιοίνῆς
215 1498 307 1581 δίκην
326 1496 568 1581 ῥινηλατοῦντες
590 1502 644 1564 καί
663 1495 898 1584 α’νιχνεύοντες,
931 1495 1012 1564 άλλά
1035 1497 1091 1564 καί
1113 1497 1188 1564 τού-

94 1619 147 1658 των
167 1599 275 1674 ένίους
312 1595 489 1679 άνούρυξαν.
543 1594 626 1664 σέτω
654 1602 802 1684 διωγμῶν
830 1596 977 1666 ἁπάντων
1006 1596 1188 1682 βαρύτατος

94 1694 202 1762 ούτοσί.
247 1701 285 1760 τί
301 1695 513 1804 γάρ,α’νύσειν
533 1696 663 1780 ἔμελλον
685 1706 788 1782 πλέον,
811 1703 857 1776 είς
878 1702 1071 1785 α’ναίσθιγτον
1092 1704 1187 1782 σῶμα

93 1797 143 1879 τῆν
159 1799 213 1882 τῆς
236 1793 358 1862 άτύπσυ
388 1805 495 1883 ψυχῆς
529 1800 755 1888 ἀγνωμοσύνην
787 1800 964 1885 έκχέοντεςς
992 1807 1103 1866 θανεῖν
1124 1800 1186 1886 γάρ

61 1895 220 1984 λέάνάγκῆ,
251 1899 308 1982 ζῆν
335 1894 409 1982 δ’ῆ
445 1904 537 1987 ταφῆ
566 1907 796 1988 καλυφθῆναι,
818 1903 940 1967 τούτων
973 1904 1000 1965 δ’
1023 1905 1187 1984 σύδέτερον

91 2001 158 2073 τέως
180 1997 318 2083 α’νάγκη.
372 1999 421 2064 διὸ
445 1999 480 2065 τύ
501 2007 560 2083 μέν
584 2002 638 2067 καί
656 2002 701 2086 μῆ
733 2008 936 2085 βουλομένων
966 2001 1187 2087 α’νθραίπωνῆ

92 2101 180 2183 φύσις
199 2107 298 2184 τελεῖ,
318 2100 352 2166 τύ
377 2103 407 2165 δ’
428 2105 461 2166 έν
481 2106 520 2189 τῇ
541 2108 725 2186 προαιρέσει
747 2106 888 2184 κείμενον
911 2103 972 2168 τῶν
1005 2109 1187 2187 περιλειπο-

91 2205 184 2278 μένων
208 2199 349 2289 ζέλεγχος
381 2200 535 2286 ὁποτέρου
556 2207 678 2286 γίνεται
708 2208 819 2281 δυοῖν,
853 2201 910 2266 εἴτ’
943 2204 1094 2280 άπονοίας
1124 2202 1186 2267 εἴτε

87 2303 246 2382 προνοίας.
270 2307 326 2386 τῆς
346 2302 384 2387 δῆ
406 2302 556 2389 τοιαύτης
577 2302 824 2388 περικλονῆσεως
848 2301 938 2388 ἔργον
957 2299 1113 2387 γινόμεθα
1133 2307 1220 2372 uait

59 2399 185 2487 λθῆμεῖς,
209 2408 252 2470 ου’
271 2403 460 2487 βουλόμενοι
476 2414 545 2480 ταῖς
568 2408 696 2481 α’τύποις
712 2410 938 2490 καινσφωνίαις
957 2405 1095 2470 ύπείκειν
1108 2410 1185 2470 Πα-

91 2505 174 2583 λαμά
196 2505 347 2570 τουτουί·
391 2505 515 2571 ὁπόσων
536 2529 571 2588 γε
591 2502 657 2590 μῆν
679 2507 733 2570 καί
751 2507 813 2572 τῶν
835 2508 945 2572 δεινῶν
964 2502 1185 2596 πεπειράμεθα

91 2602 139 2668 διά
167 2609 286 2692 ταῦτα,
316 2611 542 2695 παραπέμπειν
576 2607 686 2684 αἰιοαῖς
724 2607 941 2692 ἀνθρωπίναις
975 2606 1015 2672 ού
1047 2603 1131 2672 πάνυ
1154 2630 1185 2670 τι

92 2947 143 2987 eam
166 2935 275 3006 quidem
300 2939 416 2991 omnium
439 2939 661 2992 terribilissimam
687 2945 713 2990 et
731 2936 931 3003 atrocissimam,
957 2937 994 2989 its
1012 2945 1042 2990 ut
1059 2937 1127 2989 bane
1147 2935 1181 2990 ob

91 3021 140 3058 reru
155 3024 210 3062 uon
237 3009 324 3062 solum
348 3011 498 3078 patrisrebn
527 3011 653 3079 expulsus
678 3018 763 3068 mente
787 3009 909 3062 uiolenta
935 3009 1005 3061 diem
1030 3024 1181 3076 supremum

91 3078 180 3145 obiret,
200 3083 249 3134 sed
269 3083 349 3132 etiam
368 3084 554 3150 episcoporum
577 3092 603 3134 et
622 3082 839 3150 presbyterorum
858 3087 989 3150 quotquot
1006 3081 1034 3132 in
1051 3080 1180 3147 perieulis

91 3160 250 3204 constantem
279 3154 351 3204 vitae
379 3155 509 3206 rationem
535 3155 677 3219 tenebant,
696 3154 764 3206 alius
793 3153 846 3204 alio
873 3167 922 3220 per·
940 3151 1031 3204 orbern
1050 3159 1180 3203 terrarum

91 3225 211 3291 exagitati
231 3225 434 3290 dissiparentur.
482 3227 574 3278 emitto
599 3242 724 3290 narrare,
748 3226 843 3292 quibus
864 3225 1002 3288 acciderit,
1022 3225 1096 3274 utin
1119 3237 1180 3274 ear.

90 3307 146 3344 uere
167 3304 194 3346 et
210 3297 331 3347 tenebris
349 3298 476 3348 interient
494 3313 640 3367 omnesque
659 3299 704 3366 qui
725 3298 793 3349 inme
813 3304 839 3348 et
858 3297 902 3348 siti
922 3303 950 3348 et
968 3297 1180 3347 necessariorum

89 3367 195 3428 penuria
214 3375 301 3418 morte
314 3368 435 3420 violenta
454 3370 633 3421 decederentr
654 3371 719 3421 etid
737 3369 900 3436 quodetiam
919 3369 1029 3437 gravius
1042 3374 1091 3430 est,
1110 3366 1181 3434 quod

90 3448 120 3484 tte
136 3437 290 3504 sepulcrum
302 3440 416 3506 quidem,
433 3449 531 3492 eterra
551 3451 577 3493 et
590 3441 641 3505 soi,
660 3448 689 3492 ut
705 3440 834 3492 baberent
847 3454 896 3507 per
910 3447 1048 3508 cognatos,
1067 3440 1101 3490 iis
1111 3453 1180 3490 eon·

90 3519 187 3559 cessum
199 3518 250 3574 est,
262 3511 315 3561 nisi
330 3511 482 3580 quicunque
493 3512 561 3564 elam
573 3512 757 3576 humabantur,
769 3526 924 3580 quamquam
933 3526 968 3562 ne
976 3510 1009 3563 ab
1023 3511 1064 3562 bis
1074 3511 1180 3578 quidem

90 3577 136 3627 sibi
148 3581 332 3648 temperabant
348 3581 389 3634 iiii
404 3585 477 3634 canis
496 3583 644 3638 Lucanicae
664 3585 747 3635 instar
767 3583 908 3634 odorantes
926 3590 953 3634 et
969 3583 1179 3650 investigantes:

90 3649 132 3699 ted
150 3650 242 3703 borum
259 3668 365 3722 quoque
377 3653 521 3707 nonnullus
539 3655 682 3719 eruebant,
699 3655 765 3707 baec
779 3655 862 3722 igitur
880 3654 996 3705 emnium
1008 3653 1179 3721 persecutio..

90 3731 145 3770 num
161 3722 212 3774 init
230 3726 396 3792 gravissima.
423 3727 485 3794 quid
502 3728 571 3777 enim
587 3726 700 3793 amplius
719 3727 884 3794 committere
895 3732 1018 3792 poterant
1038 3726 1067 3776 in
1082 3738 1179 3789 cerpus

90 3803 164 3844 sensu
183 3811 278 3846 carens
298 3798 377 3848 animi
397 3798 481 3863 inepti
499 3799 675 3867 ignerantiam
695 3797 869 3849 effundentes.
901 3811 961 3848 nam
978 3797 1045 3847 mori
1065 3809 1179 3848 neeesse

91 3869 140 3926 ⁸⁸23
168 3866 238 3934 quod
258 3876 345 3918 autem
366 3869 399 3920 ad
419 3869 562 3922 vivendum
586 3878 631 3922 aut
649 3868 810 3935 sepulturam
833 3870 928 3920 attinet
946 3867 1039 3919 horum
1057 3875 1179 3918 neutrum

91 3935 191 3988 omnino
205 3951 319 3990 necesse
339 3948 397 3992 est:
420 3949 529 4008 prepter
548 3941 618 4009 quod
637 3940 749 3992 alterum
769 3942 847 3991 etiam
859 3941 950 3991 invitis
966 3938 1116 3991 bominibus
1128 3953 1179 3988 nn.

90 4008 144 4056 tura
161 4010 283 4074 perficit:
309 4010 422 4062 alterum
447 4013 474 4063 in
500 4012 639 4064 vuluntate
671 4013 784 4079 positum
811 4012 982 4078 superstitum
1009 4011 1113 4078 signum
1138 4015 1180 4060 est

89 4072 279 4133 alteriueutrius
299 4097 346 4136 nus
371 4083 521 4135 dementiae
546 4092 591 4136 aut
618 4084 784 4150 prudentiae.
820 4082 869 4135 tali
895 4083 978 4150 igitur
1001 4081 1179 4134 insectatione

89 4145 215 4203 afficimur
236 4155 314 4205 etiam
332 4169 392 4219 nus,
414 4156 579 4224 quiquidem
598 4156 706 4222 ineptae
718 4171 815 4207 uncum
827 4156 941 4206 novitati
960 4152 1083 4205 Palamae
1101 4151 1177 4202 istius

89 4214 224 4294 indulgere
242 4225 367 4279 nolimus.
404 4229 492 4282 omnia
512 4229 617 4296 quidem
634 4226 721 4295 mala,
743 4243 811 4295 quae
834 4235 979 4295 propterea
1003 4224 1107 4294 experti
1128 4236 1178 4274 su-
