2992 4916
199 335 1054 418 ursroumuurzlurmruxxxvr.13-16.
1128 347 1199 422 509

101 506 245 593 ἐπισήμῳ
280 507 335 572 καί
358 507 477 594 ἀρχικῆ
499 509 641 597 σημαίφ,
681 509 781 594 μέχρι
810 509 932 584 πόλεως
951 533 985 576 τε
1017 512 1073 577 καί
1093 507 1200 589 ἑστίας

100 611 162 672 τῶν
185 610 218 672 ἐν
237 607 381 697 Βιθυνίᾳ
408 609 626 694 περιβλέπτων
641 633 674 673 τε
697 612 753 674 καί
772 610 908 687 ἐνδόξων
928 613 1021 693 μιᾶς·
1076 615 1198 682 Νίκαια

100 708 236 793 ταυτησὶ
263 707 298 773 τό
332 709 513 792 ἑπούνομον·
568 710 647 774 ἔνθα
671 710 708 796 δῆ
738 712 850 787 πάντες
872 713 1031 799 συνῄεσαν
1050 715 1198 791 Βιθυνοί,

101 805 172 871 ὅσοι
195 832 229 872 τε
251 809 511 895 τῶνβαρβάρων
533 810 589 874 καί
610 809 784 897 όμοφύλων
809 812 916 898 αύτῷ,
939 812 994 875 καί
1016 809 1086 876 όσοι
1106 819 1198 896 μιξο-

75 909 271 995 5βόρβαροι,
293 911 350 974 καί
369 910 450 995 πρός
462 934 497 994 γε
511 908 608 987 ὅσους
629 916 691 976 τῶν
707 911 882 1001 ὁμοφύλων
902 908 995 988 ὄντας
1015 911 1092 996 ἡμῖν
1113 911 1200 990 ὅπως

100 1009 176 1074 ποτὲ
197 1017 264 1086 τοῖς
284 1009 505 1098 βαρβάροιςῆ
540 1012 618 1096 ’τύχη
654 1014 814 1077 δουλεύειν
834 1013 1003 1098 ἠνάγκασε,
1028 1017 1117 1100 δῶρα
1140 1015 1199 1100 φέ-

102 1133 207 1194 ροντες
227 1114 425 1190 παντοδαπά,
448 1108 597 1198 πρόβατα
613 1113 668 1179 καί
687 1113 766 1194 βόας
788 1113 843 1177 καί
865 1112 982 1176 ἔπιπλα
995 1117 1051 1178 καί
1069 1119 1200 1178 τοιαῦτα

101 1206 177 1274 ἀττα
201 1210 430 1292 πάμπολλάτσ
457 1214 512 1278 καί
545 1215 708 1297 πολυειδῆ.
760 1199 880 1297 ὀλίγαις
914 1215 942 1276 δ’
964 1212 1096 1300 ύστερον
1118 1213 1198 1297 ἦμέ-

101 1336 172 1394 ραις
194 1309 222 1375 οἱ
246 1313 491 1397 προπέμψαντες
510 1316 667 1399 ἐπανῆκον
685 1315 858 1394 Βυζάντιοι
875 1318 952 1396 μεθ’
976 1305 1020 1379 ὧν
1041 1318 1199 1402 προσῆκεν

58 1427 90 1481 10
100 1413 223 1477 ἐκεῖθεν
241 1415 386 1499 χαρίτων
407 1417 463 1480 καί
486 1416 607 1502 δούρων.

201 1515 271 1580 Kar*
289 1519 390 1581 ταῦτα
407 1519 467 1599 μὲν
496 1520 605 1583 τοῦτον
638 1517 713 1599 ἔσχε
734 1518 798 1583 ’τόν
819 1513 945 1604 τρόπον,
968 1519 1024 1584 καί
1043 1518 1077 1583 τό
1101 1519 1265 1605 &epum

100 1618 132 1681 ἐν
154 1615 274 1692 τούτοις
295 1618 448 1696 ἐτελεύτα,
467 1619 563 1704 ξηρὸν
584 1622 616 1696 ἐς
633 1621 783 1684 τοσοῦτο-ν
803 1621 969 1705 γενόμενον
988 1620 1045 1683 καί
1065 1618 1197 1701 αάχμῶ-

101 1719 153 1792 δες
177 1717 233 1780 καί
256 1718 456 1782 παντάπασιν
480 1715 611 1802 ἀνικμον
633 1719 676 1796 ὥς
696 1721 751 1784 καί
776 1720 984 1805 ἀποῆνιύσεως
1005 1715 1067 1804 ῆδῆ
1090 1745 1196 1804 παρα-

100 1816 240 1895 σχέσθαι
258 1824 332 1910 Ιτοῖς
370 1819 602 1905 ἀμπτλουργοῑς
631 1817 800 1896 όπονοίας·
856 1820 991 1885 ἔσεσθαι
1015 1817 1077 1906 γὰρ
1109 1818 1195 1884 οἴνου

56 1930 89 1983 15
98 1918 226 2001 μακρόν
244 1943 315 1984 τινα
337 1921 451 1985 σπόνιν
471 1921 526 1985 καί
549 1921 689 2006 ἀφορίαν
712 1917 817 2009 ᾤοντο.
841 1922 876 1986 τὸ
900 1925 929 1986 δ’
951 1925 982 1998 ἐς
1004 1925 1069 1986 πᾶν
1095 1920 1196 2004 ἀπέβη

97 2016 288 2096 τούναντίον,
311 2017 355 2096 οἱς
378 2019 659 2106 διωμολογημένον
674 2021 778 2086 ἅπασι
798 2025 989 2108 γεγενῆσθαι
1008 2025 1121 2104 θαῦμα
1144 2021 1197 2084 ἐπὶ

99 2119 242 2214 θαύματι
262 2122 354 2186 τοῦτο
385 2121 474 2208 παρά
506 2123 562 2185 τοῦ
597 2123 780 2208 κρείττονος.
831 2126 956 2208 πρῶτον
982 2123 1041 2205 μὲν
1074 2118 1135 2205 γὰρ
1158 2115 1197 2203 ἦν
1266 2123 1270 2128 ’

100 2220 199 2282 ἐκεῖνο
222 2222 335 2302 θαῦμα
356 2225 445 2286 θεῖον
475 2222 531 2288 καί
550 2222 716 2308 μέγιστον,
739 2225 772 2286 ἐν
794 2231 917 2308 καιροῖς
947 2223 1117 2298 τοιούτοις,
1146 2216 1197 2283 ὅτε

98 2317 132 2382 τό
158 2318 371 2401 ἀκμαιότατον
391 2325 447 2406 τῆς
467 2324 669 2408 βαρβαρικῆς
699 2322 809 2402 ἰσχύος
831 2321 886 2406 τῆν
904 2320 1073 2404 Ῥωμαίων
1096 2319 1196 2382 πύλαι

52 2437 88 2492 20
98 2419 198 2482 πολύν
218 2443 289 2482 τινα
307 2422 424 2508 χρόνον
444 2421 689 2505 ἐπιβοσκόμενον
711 2425 777 2507 γῆν,
798 2423 916 2508 μικροῦ
937 2421 992 2486 καί
1016 2417 1194 2496 αάτάςΒυ-

100 2519 232 2598 ζαντίων
254 2521 310 2598 τὰς
323 2524 423 2600 πύλας
444 2523 643 2609 ἐγκέκλεικεν,
668 2521 710 2599 οἷς
733 2523 879 2608 ἀοίκητον
900 2515 1057 2586 εἶναικαί
1079 2517 1196 2604 ἀβατον

98 2621 233 2705 ἐρημίαν
255 2621 295 2687 τὰ
311 2622 370 2701 ἐξω
386 2627 496 2689 πολύν
514 2623 646 2703 ἅπαντα,
666 2624 772 2690 ἔπειτα
793 2625 898 2690 νεύσει
919 2626 997 2690 &aori
1015 2621 1195 2709 παράδοξόν

96 2747 167 2787 τινα
189 2725 244 2789 καί
266 2725 503 2811 ἀπροσδόκητον
525 2728 676 2813 ἐξαίφνης
701 2729 734 2790 ἐκ
756 2730 812 2810 τῆς
832 2731 887 2790 τοῦ
915 2723 1030 2802 παιδός
1046 2722 1196 2811 Ὑρκανοῦ

95 2824 320 2906 κατασχέσεως
338 2824 512 2910 Ῥωμαίοις
534 2829 722 2916 ἐλευθερίαν
745 2825 904 2913 γενέσθαι,
936 2824 984 2903 ὥς,
1001 2828 1081 2892 πᾶσι
1099 2823 1195 2907 βόσι-

96 3113 124 3162 et
145 3108 233 3161 iocum
254 3123 287 3163 ex
306 3108 449 3178 Bithyniae
469 3110 651 3166 celeberrimis
671 3119 697 3164 et
714 3111 864 3164 illustribus
883 3110 997 3178 oppidis.
1034 3109 1077 3160 cui
1095 3101 1193 3160 numeri

97 3187 139 3234 est
160 3180 269 3233 Nicaea.
290 3181 342 3232 lruc
362 3197 453 3235 omncs
466 3182 585 3250 Bithynii
605 3185 756 3252 quicunque
775 3184 880 3235 barbari
900 3191 927 3233 et
944 3179 1051 3234 incolae
1074 3188 1100 3230 et
1118 3180 1194 3230 mixti

95 3268 154 3303 cum
178 3252 297 3304 barbaris
318 3253 524 3318 conveniebant,
546 3263 572 3305 et
584 3264 733 3322 praeterea,
754 3269 820 3323 quos
840 3253 986 3306 incolarum
1004 3258 1110 3304 nostros
1129 3251 1193 3301 olim

92 3323 212 3374 barbaris
231 3326 337 3376 serviro
355 3325 460 3377 fortuna
481 3336 622 3393 coegerat,
645 3327 712 3378 dona
730 3326 877 3378 attuleruut
894 3326 983 3389 varia,
1004 3338 1073 3391 agno
1093 3328 1120 3373 et
1138 3321 1189 3372 bo.

46 3437 53 3443 .
93 3409 143 3444 ves
160 3402 188 3446 et
204 3395 421 3462 suppellectilem
441 3405 468 3448 et
488 3399 616 3449 eiusmodi
637 3397 719 3448 multa
739 3406 766 3449 et
783 3399 867 3450 varia.
903 3398 994 3463 paucis
1015 3394 1108 3446 diebus
1128 3399 1189 3462 post

90 3465 217 3532 Byzantii
234 3468 339 3519 reversi
359 3476 420 3519 sunt
438 3483 496 3519 cum
516 3469 610 3536 quibus
631 3471 739 3521 miserat
758 3471 851 3536 gratiis
871 3477 898 3519 et
917 3469 1003 3520 donis.

193 3551 266 3603 llaec
286 3569 343 3604 eum
372 3554 450 3605 linem
470 3554 627 3608 habuerunt.
666 3565 692 3607 et
720 3565 806 3608 aestas
827 3556 867 3608 hir
887 3556 965 3608 rebus
993 3556 1114 3606 conlecta
1141 3561 1191 3618 ost,

91 3640 161 3694 quae
182 3624 286 3692 quidem
306 3624 496 3691 pulverulenta
514 3627 580 3677 adeo
608 3636 635 3679 et
652 3627 792 3694 squalosa
807 3636 833 3679 et
852 3629 959 3678 omuino
978 3634 1102 3678 aestuosa
1124 3621 1190 3687 crat,

90 3703 121 3746 ut
141 3696 291 3747 vinetorum
311 3712 372 3763 spes
392 3697 418 3748 iu
438 3697 652 3764 desperationem
673 3699 788 3752 venerit.
835 3715 893 3749 nam
914 3698 970 3749 vini
989 3711 1109 3764 maguam
1128 3696 1191 3746 ino.

88 3767 162 3833 piam
184 3775 210 3818 et
228 3766 395 3818 sterilitatem
416 3768 529 3819 futuram
558 3771 726 3835 iudicabant,
747 3770 817 3837 quod
837 3771 916 3836 plane
936 3768 1014 3820 alitur
1033 3770 1131 3818 iactum
1151 3771 1192 3817 est

89 3839 208 3890 omnium
228 3852 372 3890 consensu.
405 3839 560 3890 miraculum
580 3849 700 3892 secutum
719 3849 759 3892 est
783 3841 937 3892 miraculum
963 3839 1083 3890 melioris
1102 3837 1191 3889 loriu-

88 3925 152 3960 nae.
190 3910 303 3976 primum
335 3911 403 3961 enim
423 3912 543 3963 divinum
567 3912 721 3964 miraculum
752 3921 778 3963 et
796 3927 922 3963 summum
952 3910 1003 3961 luit
1022 3909 1099 3974 illul,
1120 3908 1191 3976 quod

89 3981 223 4032 eiusmodi
243 3983 416 4045 temporibus,
435 3982 481 4033 ubi
500 3998 627 4034 summum
640 3983 810 4035 barbarorum
830 3983 910 4034 robur
931 3995 980 4048 per
998 3981 1107 4048 longum
1120 3989 1189 4031 tem-

85 4067 139 4117 pus
160 4050 339 4102 Romanorum
359 4053 421 4105 olim
448 4054 594 4119 depasceris
625 4055 762 4122 paulisper
791 4056 862 4120 ipsas
881 4053 1070 4119 Byzantiorum
1099 4058 1190 4118 portus

85 4120 253 4175 occluserat.
298 4123 335 4173 ita
362 4124 463 4182 inculta
490 4134 517 4176 ot
549 4124 622 4178 invia
649 4126 755 4178 deserta
782 4134 856 4176 eraut
884 4125 972 4175 omnia
999 4131 1073 4174 extra
1100 4127 1190 4189 portae

83 4193 159 4246 loca.
198 4194 315 4264 denique
333 4195 376 4246 dei
403 4205 468 4248 nutu
495 4196 632 4264 inopinata
659 4212 690 4249 ae
717 4197 857 4265 repentina
879 4211 912 4247 er
932 4195 1048 4262 llyrcaui
1073 4191 1123 4246 lilii
1141 4206 1189 4242 aa.

82 4267 215 4338 ptiritata
233 4264 358 4340 lloruaulc
377 4267 487 4324 libertas
505 4268 576 4324 lacta
596 4275 651 4338 cet,
678 4277 708 4322 ut
733 4269 854 4324 omuibus
880 4265 1046 4324 accessibilis
1068 4273 1095 4320 ct
1114 4261 1188 4318 cultu

991 4477 999 4502 Ι
