2880 4910
256 282 333 370 344
470 379 473 384 ,
575 299 799 370 nunnoni
831 302 1063 376 onseoaas

255 454 366 545 ἥκιστα
382 464 554 529 πείθεσθαι
568 467 754 547 δυναμένων
771 467 813 542 air
828 465 913 532 οὐτω
929 466 1109 552 παχύτητος
1124 466 1259 554 ἔχουσαι
1277 477 1356 556 βλα-
1437 459 1438 534 f

256 562 395 648 οφημίαι
415 560 471 646 τη“ν
492 569 649 647 βασιλέως
672 568 813 633 διάνοιαν
835 569 1035 652 ἐλελήθεσαν.
1080 575 1135 636 καί
1157 575 1217 652 μὲν
1240 573 1280 657 δη
1304 581 1356 658 τῆς
1437 559 1438 630 l

254 659 408 750 τοσαύτης
430 664 561 742 α’τοπίας
580 670 613 732 έν
636 669 714 754 drop}
729 674 883 759 γενομένην
905 675 949 760 τῷ
969 675 1107 754 βασιλεῖ,
1119 679 1238 754 μᾶλλον
1251 680 1287 742 δέ
1300 681 1354 760 τῆς
1437 657 1438 694 ³

258 765 409 848 διαβολῆς
428 771 483 832 καί
501 774 714 855 συκοφαντίας
736 765 773 854 ἢν
792 769 871 836 κατέ
903 775 958 856 τῆς
977 777 1143 859 βασιλικῆς
1172 779 1353 844 διεσκέδασε

216 891 218 895 ’
255 865 378 953 γνώμης
400 866 567 952 ὁπ’ναιδης
590 875 766 954 Παλαμιῖς,
788 875 842 938 καί
863 869 932 954 ἅμα
955 871 1057 940 ὁπόσα
1080 873 1383 958 καταψεύσασθαιῖι.

255 972 384 1054 καὶτῆς
407 971 554 1054 εὐγενοῦς
584 971 751 1056 γερουσίας
774 977 832 1036 οὐκ
854 965 1014 1058 ὤκνησεν,
1035 978 1074 1039 οὐ
1092 981 1230 1061 μετρίως
1253 979 1352 1063 ἀχθε-
1437 991 1438 1046 ι

162 1072 378 1156 ιῑισθηιαι
397 1075 617 1152 συμπέπτωκε.
662 1076 740 1155 ιδέον
767 1075 828 1158 γδρ
852 1081 1019 1157 Παλαμοῖν
1049 1080 1256 1161 εὐχαριστεῖν
1277 1083 1352 1163 πρός

255 1196 290 1256 γε
312 1179 375 1248 τοῖς
397 1164 504 1248 ἄλλοις
527 1170 581 1236 καί
603 1169 663 1258 πρέ
680 1197 715 1256 γε
739 1179 802 1239 ταῖν
822 1169 927 1240 ἄλλων
947 1177 989 1262 τῴ
1003 1181 1134 1259 βασιλεῖ
1149 1181 1204 1261 τῆς
1229 1205 1351 1262 μακρο-

216 1299 219 1305 ·
255 1277 378 1354 θυμίας
404 1275 460 1336 καί
493 1273 691 1358 προμηθείας
720 1278 778 1340 τοῦ
809 1275 854 1360 μη
883 1277 1070 1360 ε’κκὴροκτον
1097 1284 1261 1362 γεγονέναι
1293 1282 1351 1346 τῶν

253 1376 385 1458 μακρῶν
408 1371 533 1439 ἐκείνων
552 1371 651 1450 ιένειια
679 1373 954 1462 βλασφημιῶν,ὐ
983 1379 1020 1440 δέ
1042 1384 1105 1458 ,καί
1136 1380 1178 1442 δι’
1208 1380 1387 1461 ὖποψίαςλθ

204 1497 206 1501 ·
254 1477 444 1560 ἐληλυθέναι
466 1479 610 1559 κέκραγε
632 1474 686 1542 τὸν
708 1478 875 1562 εὐεργέτην
905 1477 1044 1566 ὁποτέρῳ
1067 1482 1168 1561 δυοῖν,
1190 1474 1211 1564 ἢ
1236 1477 1286 1545 ὅτι
1307 1480 1349 1564 μη

255 1578 388 1660 συνῆκεν
410 1567 483 1639 οὐθ’
506 1574 521 1641 ὅ
541 1577 694 1658 βασιλεύς
720 1571 794 1644 οὐτε
816 1569 921 1644 ἄλλων
949 1580 1056 1656 οὐδείς
1076 1583 1136 1661 τῶν
1168 1583 1211 1670 epi
1236 1583 1349 1668 α’νοσίρ

204 1756 208 1764 ,
253 1682 455 1766 λαληθέντων
475 1676 554 1746 κατὰ
578 1683 631 1766 τῆς
651 1681 834 1764 εὐσεβείας,
867 1675 1046 1766 ἢσυνιέντι
1077 1678 1354 1767 περιπεφριὶνηταί

252 1805 288 1847 τε
308 1778 364 1846 καί
385 1789 533 1863 παρεῖται
556 1779 596 1846 τοὶ
619 1787 778 1868 πλείστης,
797 1787 919 1866 μᾶλλον
951 1786 981 1850 δ’
1003 1783 1125 1869 ἁπάσης
1149 1776 1225 1862 ἄξια
1245 1789 1357 1868 ιγρον-1

252 1880 336 1968 κίδος
366 1880 422 1948 καί
451 1887 602 1968 σπουδῆς.
658 1885 708 1948 διδ
744 1884 782 1970 δη
806 1889 863 1950 καί
887 1884 925 1948 οὐ
943 1885 1039 1967 μόνον
1066 1889 1123 1950 τού
1144 1879 1299 1960 ὐναιδοῦς
1317 1905 1383 1958 ss15

251 1981 307 2050 καί
329 1988 477 2069 α’γεννούς
500 1976 597 2070 ἤθους
610 1989 828 2071 κατεγνῶσθαι
848 1993 954 2071 γέγονε
970 1989 1153 2070 Παλαμᾶν,
1178 1986 1250 2050 ἀλλ’
1274 1977 1348 2070 ἦσαν

137 2165 144 2176 ι
251 2083 285 2151 οἳ
305 2084 361 2153 καί
380 2089 584 2173 καταρᾶσθαι
607 2087 754 2172 ε’ξηγοντο
774 2089 818 2174 μη“
843 2092 879 2176 τῇ
902 2083 971 2180 ὐρρ
992 2087 1089 2170 μόνον
1110 2085 1143 2152 έν
1172 2079 1193 2178 ᾗ
1216 2089 1347 2172 τετύχη·

250 2212 303 2254 κεν
324 2187 425 2254 αὐτὸν
443 2196 669 2286 γεγεννῆσθαι,
700 2189 782 2281 ἀλλὰ
815 2191 871 2256 καί
889 2200 955 2267 τοῖς
976 2187 1077 2275 αὐτᾷν
1106 2191 1278 2274 γεννήσασι
1298 2189 1348 2252 καί

155 2317 160 2332 ¹
251 2292 478 2376 &protendente
522 2295 557 2356 έκ
576 2292 638 2377 γὰρ
661 2289 769 2380 ῥίζης,
787 2291 840 2368 οἷς,
852 2291 970 2375 ἔοικεν,
989 2291 1181 2375 ,ἔλεγον,,τη”ς
1203 2287 1346 2379 πατρῴου

236 2390 289 2484 ,τὸ
312 2391 470 2457 τοσοῦτον
489 2395 579 2480 αὐτῷ
600 2396 655 2476 τῆς
681 2396 869 2476 δυσσεβείας
888 2395 1102 2478 έγκατέσκηψε
1125 2391 1268 2476 νόσημα,
1291 2406 1381 2461 aro-20

251 2488 356 2573 θέπερ
376 2515 422 2568 τις
446 2486 534 2577 ’ἄλλη
557 2493 644 2578 κηλίς
673 2501 742 2570 ταῖς
770 2502 878 2578 γοναῖς
908 2498 964 2558 καί
988 2501 1122 2593 τροφαῖς
1153 2496 1347 2575 ἐγκεκαλυμ-

192 2677 194 2684 ,
224 2594 345 2680 γένη·
387 2592 427 2656 οὐ
446 2592 507 2681 γὰρ
531 2587 571 2662 dr
592 2599 626 2674 ἐς
645 2594 747 2678 βάθος
769 2589 852 2660 οὕτω
874 2599 978 2662 κακῶν
995 2599 1139 2664 ἐνέπιπτε
1152 2592 1188 2659 τὸ
1208 2597 1344 2679 γέννημα

108 2939 111 2946 ¹
252 2872 376 2928 dentibus
394 2880 493 2940 nutem,
512 2873 559 2944 qni
577 2873 682 2927 ratione
701 2882 729 2926 et
747 2874 847 2928 amussi
865 2875 954 2929 audita
966 2875 1156 2940 examinarent,
1178 2873 1264 2927 nullis
1280 2873 1344 2926 dicta

194 2956 196 2962 ’
252 2944 359 3014 probari
379 2953 511 3014 poteraut,
534 2961 592 2997 curn
610 2947 719 2998 minime
738 2948 850 2999 credere
867 2953 992 3014 possent,
1023 2954 1074 2998 tam
1093 2945 1204 3014 pinguia
1223 2945 1343 2998 convicia

251 3017 325 3086 regis
349 3024 463 3070 mentem
494 3017 605 3084 agisse.
657 3018 788 3086 quodcum
814 3019 933 3085 ineptiae
964 3021 1055 3070 tautae
1082 3017 1142 3069 sive
1169 3018 1259 3084 potius
1283 3031 1344 3084 per·

253 3089 395 3141 versiones
415 3088 553 3157 salsaeque
572 3089 782 3153 criminationes,
801 3105 866 3157 quas
889 3089 1236 3158 contraregissententiam
1255 3086 1343 3140 divul-

254 3160 330 3228 garit
348 3159 468 3214 Palamas
486 3160 635 3227 impudens,
655 3161 713 3229 regi
736 3169 826 3212 essent
843 3162 995 3225 nuntiatae,
1015 3159 1149 3227 simulque
1170 3171 1342 3227 quaeeunque

253 3238 346 3283 eontra
365 3230 507 3284 concilium
531 3231 624 3283 nobile
648 3231 752 3300 lingere
770 3231 818 3283 ille
837 3247 891 3284 non
910 3233 1013 3284 veritus
1033 3239 1089 3295 est,
1110 3232 1224 3296 aecidit,
1244 3239 1273 3284 ut
1291 3243 1340 3282 non

252 3302 424 3355 mediocriter
447 3309 614 3371 gravaretur.
658 3302 799 3370 oportebat
826 3304 895 3356 enim
924 3301 1055 3355 Palamam
1079 3311 1188 3368 praeter
1213 3299 1283 3354 alios
1318 3306 1341 3350 et

234 3403 237 3410 .
253 3387 318 3440 prae
339 3371 400 3424 aliis
419 3375 479 3442 regi
496 3382 599 3443 gratum
619 3389 680 3426 esse
700 3381 810 3442 propter
829 3375 887 3426 eius
908 3373 1076 3428 clementiam
1096 3382 1123 3425 et
1140 3373 1339 3441 providentiam,

251 3458 305 3513 qua
324 3443 421 3496 lactum
441 3452 491 3511 est,
510 3453 610 3497 utnon
629 3445 707 3498 lieret
726 3443 802 3498 exsul
821 3452 931 3512 propter
949 3460 1044 3513 magua
1062 3444 1110 3496 illa
1129 3445 1270 3497 convicia:
1296 3441 1340 3494 ille

252 3522 338 3568 autern
360 3515 457 3581 effecit,
479 3524 508 3568 ut
525 3531 574 3568 rex
595 3531 659 3586 erga
679 3531 739 3566 euna
758 3516 894 3569 beneficus
919 3517 997 3569 etiarn
1017 3518 1044 3568 in
1064 3517 1245 3582 suspicionem
1263 3514 1338 3566 cade-

250 3594 294 3640 ret
310 3585 521 3640 alterinsutrius:
541 3595 587 3640 aut
606 3588 677 3657 quod
695 3602 784 3656 neque
804 3603 852 3639 rex
869 3603 958 3655 neque
976 3587 1089 3639 aliorum
1108 3590 1256 3655 quisquam,
1276 3599 1339 3654 qnae

251 3658 322 3710 dicta
346 3666 436 3711 essent
463 3658 496 3710 ab
521 3660 603 3727 impio
630 3665 721 3710 contra
746 3659 882 3726 pietatem,
901 3657 1090 3722 intellexisset,
1110 3667 1156 3710 aut
1174 3659 1244 3725 quod
1261 3655 1339 3708 intel-

251 3727 348 3798 ligenti
379 3736 512 3782 contemta
537 3738 564 3781 et
581 3728 706 3798 neglecta
726 3738 816 3782 essent
833 3746 874 3795 ea,
892 3745 960 3799 quae
978 3729 1093 3797 plurima
1104 3731 1163 3782 sive
1174 3730 1260 3797 potius
1273 3725 1338 3779 omui

251 3815 315 3852 cura
334 3800 476 3868 studioque
496 3807 586 3854 essent
603 3801 699 3870 digua:
719 3804 916 3870 propterquod
935 3802 1078 3854 etiamnon
1095 3802 1172 3853 modo
1192 3801 1295 3862 accidit,
1312 3803 1338 3846 ut

213 3923 217 3932 ,
249 3870 370 3926 Palamas
388 3879 498 3938 propter
525 3871 691 3938 impudentes
711 3880 738 3924 et
756 3887 854 3940 pravos
874 3889 962 3926 mores
983 3874 1159 3937 damnaretur,
1178 3872 1225 3925 sed
1245 3875 1336 3928 esseut,

249 3940 296 4011 qui
316 3939 509 3994 adducerentur
533 3950 633 3995 utnon
655 3943 740 3994 solum
760 3945 866 4010 horam,
895 3959 947 4014 qna
970 3945 1084 3995 maxime
1103 3951 1276 4005 essedarios,
1294 3937 1336 3991 sed

251 4012 329 4065 etiarn
349 4027 414 4076 eos,
444 4014 489 4080 qui
517 4029 576 4064 eum
605 4015 775 4081 peperissent
801 4023 829 4066 et
854 4017 1062 4078 enutrivissent,
1089 4016 1289 4079 detestarentur.
1323 4023 1336 4058 c

251 4081 342 4136 radice
366 4084 435 4134 enirn
454 4085 608 4137 necessario
628 4092 739 4150 paterna
757 4086 881 4140 dicebant
905 4089 933 4138 in
952 4102 1010 4138 eum
1029 4087 1157 4138 incidisse
1175 4093 1271 4137 tanturn
1289 4083 1336 4132 im-

250 4153 359 4222 pietatis
381 4154 517 4208 morbumr
543 4164 573 4207 ut
598 4155 704 4207 macula
726 4155 781 4209 alia
802 4159 872 4212 natis
901 4166 928 4210 et
956 4158 1073 4210 educatis
1097 4156 1230 4209 involuta:
1254 4165 1335 4220 neque

251 4224 322 4287 enirn
342 4224 382 4284 in'
394 4225 600 4293 profunditatem
619 4226 751 4281 amalorum
772 4236 860 4281 natum
880 4228 1175 4296 tantopereinciderct
1201 4239 1286 4296 neque
1303 4223 1335 4272 itt
