2952 4902
259 295 309 368 so
563 293 790 408 orcmnonr
819 291 1052 376 enneonun
1114 275 1118 282 ’
1153 347 1155 351 .

260 462 475 546 προίστασθαι
506 442 614 540 λαγόν
636 454 804 533 Κόκκινος·
864 449 947 522 οότω
981 453 1042 540 γάρ
1074 453 1220 536 ἐκαλεῖτο,
1245 449 1299 516 διά
1319 449 1354 518 τό

260 561 406 642 πυρῶδες
431 557 487 623 καί
508 550 618 641 άγριον
648 559 704 642 τῆς
728 549 834 640 όιμεως
856 556 871 622 ό
894 557 1075 638 ποιμενικὸς
1103 551 1218 638 πατήρ.
1262 551 1359 636 ἐτυχε

260 659 320 746 γάρ
344 661 377 725 ἐν
402 659 581 748 Βυζαντίῳ,
603 668 673 734 ταῖς
694 662 753 740 μὲν
771 659 827 723 τοῦ
851 660 996 740 Παλαμιῖ
1023 655 1251 742 καινοφωνίαις
1272 651 1359 740 πάσῃ

258 757 366 848 γνοόμγγ
389 761 444 825 κατ’
464 761 589 846 σπουδῇ
608 761 801 841 συμμαχῶν,
823 761 881 822 τοῦ
903 758 937 821 δέ
961 763 1108 840 ποιμνιόυ
1129 752 1229 840 μικρά
1257 777 1362 841 φρονῇ

130 875 150 932 λ.
165 862 363 941 ἱλλατίζων,
384 862 439 924 καί
458 856 510 923 τόν
530 863 589 941 μὲν
604 856 682 923 κατά
702 861 755 942 τῆς
777 860 938 940 εὐσεβείας
961 861 984 898 ’ί
1006 853 1224 940 οἷναρρτπίζων
1247 857 1396 919 ἐνταυ-5

258 965 316 1028 δοῖ
332 955 484 1044 διωγμόν,
507 964 549 1046 epi
569 962 604 1024 δὲ
621 962 754 1042 βασιλεῖ
764 961 1058 1044 προφοιβαζόμενος
1081 959 1114 1036 ἐξ
1135 953 1278 1040 όνείρων,
1299 955 1363 1018 κόιτ

259 1064 317 1129 τοῦ
339 1059 485 1126 τοιοόνον
506 1062 662 1143 μαντικοῦ
682 1060 829 1145 τρίποδος
850 1052 1102 1142 όπισχνοάμενος
1122 1057 1159 1123 τό
1180 1051 1307 1139 μεγάλα
1326 1079 1365 1121 τε

260 1159 317 1227 καί
336 1162 514 1245 α’νιόρρητα,
536 1157 670 1246 κλήρους
691 1161 795 1242 άρχῆς
816 1155 936 1242 δηλαδή
959 1161 1170 1242 καινοτέρους,
1189 1154 1246 1221 καί
1257 1157 1367 1232 πάσας

259 1255 340 1352 ἑῴας
358 1260 413 1328 καί
432 1255 581 1348 ἐσπερίου
604 1258 720 1345 λήξεως
743 1257 946 1343 ἐπικράτειαν
969 1252 1115 1342 άμοχθον
1138 1256 1251 1324 αδτίκα
1270 1253 1366 1340 μάλα

259 1359 290 1432 t't
315 1357 472 1448 ἐψομένην
504 1365 549 1452 τῷ
585 1364 723 1448 διωγμῷ.
766 1357 847 1425 άλλά
877 1358 938 1443 γάρ
969 1358 1077 1444 duride}
1103 1358 1186 1445 πρός
1201 1363 1263 1424 πάν
1284 1360 1416 1424 roc-1⁰

260 1463 389 1531 ναντιόν
414 1461 531 1548 ἐχώρει
558 1460 592 1528 τό
614 1464 671 1528 roci
693 1465 852 1536 Καικίνου
878 1463 1065 1543 μάντευμα,
1087 1458 1205 1546 πολλὴν
1226 1467 1367 1543 παρεῖχε

259 1565 321 1648 τόν
340 1562 477 1649 άπορίαν
507 1565 550 1652 τῷ
571 1569 716 1646 βασιλεῖ,
735 1558 830 1628 καίά
858 1565 937 1646 χθὲς
959 1561 1015 1626 καί
1036 1562 1190 1646 πρότρττα
1214 1559 1366 1644 προσίετό

260 1688 294 1730 τε
315 1665 368 1730 καί
389 1663 517 1750 σφόδρα
539 1666 683 1746 άσμένως
706 1667 870 1745 ἐπίστευε,
890 1666 948 1728 νόν
972 1667 1004 1739 ἐς
1027 1659 1229 1748 ἀμφιβόλους
1249 1659 1370 1746 ἐρριπ-
1472 1701 1473 1710 1

261 1789 313 1832 τεν
336 1768 467 1848 ἐννοίας,
489 1767 545 1832 καί
564 1771 734 1854 τρικυμιάν
755 1761 821 1850 εἶχε
836 1766 1004 1849 λογισμῶν,
1024 1763 1079 1829 κατ’
1100 1763 1264 1829 ἐπεσείετο
1285 1762 1369 1839 τούς

264 1863 381 1951 λήρους
415 1871 575 1949 ἐκείνους,
607 1865 662 1932 κατ’
682 1873 812 1942 πολλαῖς
840 1867 987 1950 ἐπειρᾶτο
1022 1868 1164 1946 μέμψεσι
1196 1867 1369 1948 βαπτίζειν
1381 1875 1414 1928 to

263 1965 340 2042 roric
364 1961 465 2044 οὕτως
489 1969 536 2034 ἐπΙ
559 1961 739 2056 ου’τοφιόρρι
761 1963 946 2050 ψεύδεσθαι
965 1965 1023 2029 ουίι
1044 1961 1275 2049 ἐρυθριάνταςι
1294 1967 1368 2028 ἀλλ’

264 2064 397 2152 ἐγγύθεν
421 2064 521 2144 αὖθις
552 2068 647 2144 ότός
677 2073 829 2151 μαντείας
851 2063 985 2152 εἰσάγων
1016 2063 1125 2146 dordr,
1150 2065 1205 2130 καί
1224 2069 1369 2188 παρεξη-

264 2161 417 2253 γοόμενος
438 2167 494 2255 τόν
510 2171 674 2257 dividetur,
696 2161 805 2234 ἔπειθε
824 2171 917 2234 πάλιν
938 2167 994 2250 τόν
1020 2163 1244 2251 oddsvtaap'e‘
1225 2169 1370 2248 υποτρὲ-

264 2294 332 2353 χων
354 2268 528 2358 όπλότητα,
549 2296 602 2335 κοι
624 2272 809 2337 τούναντίου
837 2269 1018 2350 πνεύματος
1047 2265 1245 2351 ἐνέργειαν”
1225 2292 1370 2353 εφασκεν

266 2364 360 2454 εἶναι,
378 2371 429 2436 ἵνα
451 2371 506 2436 τόν
527 2371 607 2455 όπέρ
630 2373 793 2454 εδσεβείος
817 2374 915 2458 σβέσῃ
939 2353 1064 2452 θυμόν,
1086 2353 1287 2454 καπηλεόσας
1314 2364 1414 2434 adsto

267 2470 386 2554 δρόμον
407 2473 465 2536 τοῦ
489 2474 638 2556 διωγμοῦ.
681 2467 819 2536 εἷναιδέ
805 2476 906 2536 ἐκαι
902 2467 1063 2557 δοκιμήν
1082 2495 1153 2538 τινα
1174 2472 1264 2535 τοῦτ’
1282 2467 1371 2554 ἐφα-

238 2618 244 2627 -
266 2594 339 2637 σκεν
359 2574 448 2660 αὐτῷ
469 2577 550 2638 θεοῦ
560 2623 570 2655 ,
592 2576 648 2639 καί
666 2576 721 2657 τῆς
742 2574 919 2658 μελλούσης
951 2570 1029 2650 ἴσως
1050 2573 1260 2654 εὐδαιμονίας
1279 2573 1371 2653 γίνε-

268 2912 337 2959 rant.
373 2912 437 2958 tuno
455 2903 547 2959 aberat
565 2905 706 2972 coccinus,
725 2907 771 2976 qni
791 2907 972 2974 episcopatum
990 2907 1064 2960 urbis
1077 2907 1186 2960 sortitus
1207 2913 1272 2959 erat.
1293 2905 1370 2961 Coc.

270 2978 345 3030 cinus
377 2978 447 3030 enim
476 2978 610 3047 pastorius
635 2987 711 3046 pater
735 2978 795 3030 ab
787 2994 867 3048 igneo
896 2987 922 3031 et
948 2979 1056 3031 elierato
1077 2978 1152 3031 vultu
1171 2977 1370 3047 appellabatur.

269 3047 425 3103 versabatur
443 3056 498 3100 tum
517 3051 644 3116 temporis
664 3049 799 3117 Byzantii,
818 3050 863 3101 ubi
882 3052 960 3103 novis
978 3050 1101 3102 Palamae
1120 3051 1275 3102 commentis
1295 3050 1370 3100 omni

187 3136 193 3148 ·
269 3121 357 3173 animo
376 3128 456 3188 atque
474 3121 561 3172 studio
583 3121 686 3171 deditus
705 3123 848 3189 gregissui
865 3137 956 3190 purum
969 3121 1058 3174 habita
1076 3123 1181 3174 ratione
1200 3137 1282 3174 verae
1302 3121 1368 3172 tidci

242 3195 250 3204 '
270 3190 487 3260 persecutionem
506 3191 678 3255 accendebat,
702 3194 855 3259 imperatori
881 3209 946 3245 vero
967 3209 1000 3244 ex
1019 3193 1128 3246 somniis
1147 3201 1174 3244 et
1191 3191 1296 3260 tripode
1314 3207 1370 3243 ne-

269 3263 326 3315 scio
346 3276 398 3330 quo
419 3263 547 3314 vaticinio
566 3277 674 3332 magnas
694 3280 759 3316 sane
777 3274 857 3333 atque
875 3263 1025 3316 ineffabiles
1043 3282 1086 3317 res
1105 3264 1322 3333 pollicebatur,
1313 3279 1370 3313 ιιιι-

269 3333 338 3400 perii
357 3333 480 3384 nimirum
509 3332 762 3401 amplificationem,
792 3337 903 3388 orientis
931 3344 958 3387 et
976 3337 1122 3388 occidentis
1141 3337 1278 3398 ditionem,
1297 3348 1370 3402 quae

268 3403 345 3456 nullo
364 3405 475 3472 negotio
494 3408 709 3472 persecutionem
728 3424 743 3459 e
763 3408 880 3474 vestigio
904 3407 1057 3460 insecutura
1083 3416 1163 3459 esaei.
1183 3415 1209 3458 at
1228 3408 1369 3458 enimvero

269 3491 349 3545 quum
371 3474 480 3529 Coccini
500 3479 667 3546 praesagium
696 3493 805 3546 prorsus
830 3493 907 3530 secus
930 3479 1053 3544 caderet,
1072 3480 1099 3530 in
1121 3495 1229 3548 magnas
1250 3478 1369 3528 iniectus

270 3555 310 3600 est
328 3546 499 3600 difficultates
519 3550 682 3617 imperator,
703 3557 732 3601 ut
754 3550 824 3618 quod
842 3549 901 3602 heri
921 3549 967 3602 rel
984 3551 1081 3602 nudius
1100 3553 1195 3603 tertius
1216 3549 1324 3602 admisit
1344 3555 1370 3599 ei

269 3618 453 3670 lubentissime
473 3620 593 3685 credidit,
614 3621 665 3672 id'
659 3638 709 3672 ram
729 3621 868 3688 ambiguos
883 3630 1004 3674 versaret
1020 3622 1217 3690 cognitionibus
1234 3628 1261 3673 et
1279 3621 1369 3674 vehe-

268 3691 432 3742 mentissima
447 3691 620 3744 consiliorum
636 3691 809 3746 fluctuatione
823 3695 938 3761 agitatus
954 3695 1116 3761 nugas-isias
1135 3694 1264 3746 abiiceret
1278 3701 1369 3762 atque,

270 3776 337 3831 quos
356 3776 410 3813 non
429 3763 542 3830 puderet
563 3765 589 3813 in
610 3772 661 3815 tam
681 3765 829 3816 manifestis
849 3765 993 3816 mendaciis
1012 3764 1185 3832 deprehendi,
1205 3764 1297 3816 multis
1317 3779 1368 3832 op-

73 3862 84 3876 ·
171 3863 180 3878 ·
270 3832 386 3903 probriis
414 3834 528 3886 obruere
554 3843 705 3886 conaretur.
743 3835 790 3888 sed
817 3851 908 3888 rursus
933 3835 981 3887 ille
1007 3837 1208 3904 praesagiorum
1226 3844 1321 3888 auctor
1337 3834 1368 3886 ad

271 3920 329 3956 eum
350 3905 466 3969 accedit;
494 3906 636 3958 veritatem
667 3906 735 3958 falso
760 3908 960 3974 interpretando
996 3916 1023 3959 et
1053 3915 1151 3958 certam
1169 3906 1367 3974 simplicitatem

216 3986 219 3992 '
269 3977 475 4030 transcurrendo
498 3993 557 4028 enm
576 3977 627 4030 sibi
647 3977 820 4042 reconciliat;
850 3978 917 4029 banc
938 3979 1085 4031 adversarii
1105 3979 1239 4034 cuiusdam
1258 3979 1366 4044 spiritus

272 4063 331 4100 esse
351 4049 406 4100 vim
425 4047 499 4112 dicit,
519 4051 564 4116 qni
583 4050 705 4101 ardorem
723 4050 830 4117 pietatis
848 4051 1017 4118 restinguere
1044 4059 1070 4102 ct
1089 4050 1285 4116 persecutionis
1304 4065 1366 4100 cur.

212 4175 216 4184 ,
270 4135 328 4171 sum
349 4117 531 4172 fraudulenter
551 4121 674 4174 inhibere
693 4121 768 4174 velit.
799 4121 883 4188 ,haec
902 4124 981 4172 etiam
1001 4121 1150 4189 exploratio
1170 4121 1297 4189 quaedam
1317 4127 1365 4183 est,

268 4191 372 4264 inquit,
400 4205 415 4244 a
441 4193 491 4246 deo
511 4193 630 4247 instituta
656 4203 683 4248 et
700 4194 836 4263 praelusio
860 4192 974 4247 fortasse
1001 4193 1105 4246 loturae
1122 4193 1313 4264 beatitudinis,
1332 4205 1365 4246 ne
