2880 4910
165 365 382 432 mesonma
410 365 669 437 arzaummn
680 369 807 434 xxxii.
831 350 1016 438 tt-tr.
1054 462 1058 474 ι
1086 367 1159 440 385

81 527 199 607 ματικῆς
211 526 416 611 ἐμπεπληκώς
429 522 642 613 ου’φροσάνης,
662 526 890 616 μεταφραοτής
904 533 1036 611 Συμέων
1058 527 1164 596 έκεῖνο

81 626 191 704 λεγέτω,
213 626 442 712 παρεληλυθώς
461 629 536 714 ἡμῖν
562 632 721 696 ένταυβοῖ.
761 627 843 712 μετά
865 630 927 716 γάρ
951 629 985 698 τό
1007 629 1232 708 micaret-18

79 719 127 814 λός
152 722 268 803 ε’κεόνας
298 729 444 807 κολάσεις
472 730 526 796 καί
555 734 711 816 τιμωρίας
739 734 932 813 διεξελθεῖν,
970 732 1082 808 ὁποίας
1111 735 1166 800 καὶ

79 817 145 898 όσος
162 827 348 914 ἐκαρτέρησε
372 827 504 914 πάσχων
529 830 698 912 όγενναῖος
726 829 798 896 τότε
815 832 992 917 Θεόδωρος,
1013 833 1165 898 κάκεένων

9 927 10 984 3
59 925 274 1013 δέπιτροχάδην
294 934 451 1016 μέμνηται
481 929 538 1006 οδς
570 933 721 1016 ἀντεπῆγε
754 933 865 1016 λόγους
892 931 1078 1019 πανσόφους
1100 942 1164 1012 τοῖς

77 1025 356 1121 τάνείκυνομάχρον
390 1027 461 1097 τότε
490 1042 602 1119 σοφοῖς
631 1037 687 1098 καί
714 1037 880 1120 τυράννοις
909 1037 1013 1118 τρισίν
1052 1038 1176 1122 ἐφεξῆς,

9 1157 10 1160 “
76 1121 123 1208 τήν
143 1130 292 1216 διαδοχήν
314 1137 382 1198 κατ’
405 1137 504 1202 αὐτοῦ
525 1141 750 1222 κληρουμένοις
773 1138 807 1201 έν
828 1133 912 1202 ἔτεσι
931 1138 1024 1202 πέντε
1040 1139 1095 1200 καί
1116 1134 1164 1200 εἴ-

9 1231 11 1248 ”
75 1249 142 1307 ⁸⁰⁰1»
161 1235 314 1317 λαμπροῖς
334 1239 628 1322 παρρησιαζόμενος
652 1241 708 1302 καί
728 1237 786 1321 τήν
806 1240 871 1303 τεόν
886 1239 983 1303 θεάων
1005 1238 1164 1302 διδάσκων

75 1326 190 1396 εἰκόνων
213 1332 319 1420 τιμήν,
343 1337 397 1402 καί
418 1342 590 1425 διασαφῶν
611 1339 651 1404 τό
670 1343 728 1404 τοῦ
751 1339 919 1422 δόγματος,
942 1337 997 1403 καί
1017 1337 1056 1404 τοὶ
1079 1337 1163 1402 ὲκεί-

48 1439 125 1496 1ονων
145 1434 354 1520 προβλήματα
379 1445 545 1525 καθαιρεῖν
569 1439 603 1506 ἐν
626 1435 761 1521 δυνάμει
783 1438 877 1522 λόγου
899 1444 954 1506 καί
974 1440 1163 1522 πνεύματος,

74 1528 108 1606 ός
127 1536 306 1617 θαυμάζειν
324 1545 383 1620 μὲν
406 1538 461 1606 τόν
474 1547 629 1624 βασιλέα,
663 1546 773 1628 φησιν,
797 1535 956 1606 suardus
984 1543 1014 1605 δ’
1038 1544 1164 1623 ε’πιχει-

73 1641 139 1713 ρεῖν,
160 1626 263 1720 όνδρα
284 1641 437 1706 τοσοῦτον
459 1645 513 1706 ε’πί
532 1646 632 1733 σοφίρι
651 1635 914 1725 ὑποποιήσασθαι
931 1639 1163 1726 προθυμούμε-

73 1755 123 1817 νος,
146 1737 186 1799 δι’
206 1729 246 1803 οδ
267 1745 392 1822 πολλῶν
424 1740 457 1806 έν
486 1747 608 1826 βραχεῖ
635 1745 843 1828 περιέοερδαι
866 1735 1016 1827 ἤλπισεν·
1067 1740 1162 1825 ἔρωτι

72 1833 121 1918 γάρ
143 1837 265 1904 όλοῖναι
286 1831 423 1922 βασιλέα
446 1848 544 1929 φησιν
577 1839 747 1930 όμόφρονα
778 1846 889 1908 τοῦτον
913 1841 1018 1926 ἔχειν,
1041 1835 1060 1926 ή
1082 1837 1163 1908 πάν-

45 1937 121 2010 15τας
139 1930 259 2022 εἵργεινὶ
281 1943 376 2008 ου’δὲν
399 1945 483 2033 crispi
515 1948 767 2030 διαφερομένων.
818 1945 987 2029 μάρτυρας
1017 1946 1047 2008 δ’
1080 1938 1165 2008 εἶναι’
1173 1966 1241 2042 ιςΙ

72 2056 135 2119 φησι
153 2046 208 2124 τῆς
231 2044 336 2108 αάτοῦ
364 2049 481 2131 σοφιάς
512 2049 653 2128 καὶτῆς
673 2045 753 2127 πρός
787 2043 961 2130 τυράννους
984 2045 1161 2120 ε’νστάσεως

71 2129 100 2208 ἃς
117 2137 191 2222 όπέρ
213 2140 384 2225 εὐσεβείας
402 2148 519 2219 ἐκεῖνος
541 2148 668 2224 ἐξέθετο
685 2151 827 2228 βίβλους,
848 2148 1089 2226 διασωζομένοις
1110 2147 1163 2210 σέἰ

72 2244 184 2334 προνοίρι
206 2248 301 2328 densi,
324 2248 498 2331 πολότιμον
520 2241 568 2323 οἷς
588 2243 730 2330 εόσεβεΐν
744 2250 810 2313 ε’στι
833 2250 963 2331 δέλησις
983 2242 1160 2330 θησαυρόν.

73 2341 98 2404 ai
114 2349 205 2424 μόνον
230 2349 269 2412 δὲ
292 2346 374 2412 άλλά
395 2350 450 2413 καί
471 2347 548 2414 τάδε
574 2350 715 2428 διέξεισι.
765 2351 822 2412 τοῦ
844 2344 994 2427 στόματος
1016 2337 1077 2430 ήδη
1101 2370 1161 2408 κα-

50 2447 273 2535 trescentos,
294 2453 384 2535 φησί,
404 2459 474 2526 ταῖς
494 2449 639 2530 μάστιξιν
653 2452 769 2530 αἵματί
782 2472 817 2513 τε
837 2440 1001 2534 τοόδαφος
1018 2445 1161 2528 ἐπιχρά-

74 2567 175 2631 ουντος,
199 2551 245 2625 τός
269 2549 426 2631 ου’δεμιάν
457 2551 608 2636 αἴσθησιν
642 2550 741 2626 ου’τός
765 2549 939 2633 ὑπομείνας
969 2553 1032 2615 τοῖν
1055 2550 1161 2632 ἀλγει-

72 2649 126 2733 νόν,
145 2649 287 2738 εἱστήκει
307 2653 428 2736 γυμνός
465 2658 498 2720 ἐν
519 2659 606 2744 μέσην
633 2656 690 2718 τοῦ
709 2649 869 2736 βήματος,
894 2648 1004 2733 δι’σπερ
1023 2652 1088 2714 τινι“
1106 2647 1161 2714 κό-

69 2767 125 2838 ῦνρ
143 2761 215 2829 ταῖς
238 2760 374 2840 πληγαῖς
396 2753 723 2838 ε’γκαλλωπιζόμενος,
757 2751 813 2819 καὶ
842 2755 979 2838 θέατρον
1002 2743 1085 2818 οότω
1107 2748 1163 2816 καὶ

66 3066 158 3119 amavit
177 3075 204 3120 et
223 3066 322 3134 plenus
343 3075 399 3120 erat
423 3068 521 3120 amoris
551 3066 645 3120 divini.
689 3080 757 3135 quae
780 3081 853 3120 nnnc
880 3067 972 3133 paucis
991 3066 1026 3132 in
1046 3066 1160 3119 transitu
1271 3077 1275 3093 ·

64 3133 129 3188 nohis
147 3139 265 3192 affirmet
284 3139 400 3206 Symeon
427 3138 636 3206 metaphrasten
662 3139 730 3206 “qui
758 3138 971 3190 commemoratis
993 3136 1083 3188 multis
1101 3136 1158 3188 illis

64 3203 140 3275 plagis
156 3226 188 3262 ae
218 3210 381 3262 cruciatibus
402 3217 467 3278 quot
489 3218 515 3261 ct
535 3209 628 3278 quales
656 3225 714 3260 cum
733 3210 814 3260 animi
843 3209 993 3261 constantia
1013 3222 1157 3275 perpessus

64 3276 92 3327 tit
106 3283 289 3349 magnanimus
308 3281 473 3346 Theodorus,
492 3281 580 3334 obiter
604 3283 767 3334 mentionem
787 3296 895 3352 quoque
923 3281 989 3332 iecit
1007 3294 1158 3333 sermonum

64 3361 120 3412 quos
145 3354 188 3404 hic
215 3354 243 3404 in
270 3352 452 3404 nobilissimos
482 3361 536 3404 tum
554 3354 683 3420 temporis
707 3354 897 3418 iconomachos
919 3360 946 3404 ct
975 3353 1003 3402 in
1029 3359 1157 3416 tyrannos

63 3422 107 3470 tros
124 3425 170 3490 qui
191 3425 220 3476 in
243 3425 420 3491 principatum
439 3425 566 3491 deinceps
588 3432 775 3476 successerant
801 3425 870 3476 intra
888 3437 971 3476 annos
991 3423 1109 3491 quiaque
1132 3428 1159 3472 ct

63 3490 147 3557 viginti
177 3495 272 3547 habuit
297 3495 449 3559 liberrime,
482 3496 582 3548 sanctis
603 3496 752 3548 simulacris
782 3497 971 3548 verecundiam
990 3493 1157 3546 tribuendam

64 3573 114 3612 esse
134 3565 235 3618 docens
256 3575 283 3618 ct
302 3566 439 3618 illustrans
458 3583 501 3618 res
523 3568 685 3634 dogmaticas
708 3575 735 3617 et
753 3566 950 3619 haereticorum
978 3580 1073 3632 pravas
1094 3565 1157 3630 opi.

61 3631 146 3686 aiones
165 3637 297 3690 refellens
323 3637 543 3705 victoquentiac
574 3647 601 3689 et
626 3639 706 3690 animi
731 3639 922 3706 magnitudine.
966 3638 1036 3687 unde
1058 3636 1157 3686 iactum

62 3709 194 3760 scaenicis
225 3717 254 3760 ut
282 3725 412 3761 sexeum
440 3709 581 3760 admiratus
611 3717 684 3761 esset
712 3716 738 3759 ct
764 3725 813 3774 per
841 3708 983 3760 blanditias
1015 3706 1111 3758 fallere
1131 3713 1158 3756 ct

61 3777 198 3830 conciliare
222 3780 273 3831 sibi
290 3779 436 3832 studuisset
461 3781 547 3832 airum
566 3787 638 3832 tanta
657 3780 790 3845 sapientia
810 3781 962 3848 insignem
988 3793 1084 3845 nempe
1103 3791 1156 3844 quo

59 3855 187 3907 sperasset
204 3850 282 3903 brevi
300 3867 330 3903 sa
357 3851 448 3902 moitis
468 3850 583 3902 iaturum
602 3852 789 3918 superiorem,
808 3849 949 3902 Desiderio
978 3850 1043 3902 dicit
1061 3848 1156 3899 maiori

60 3924 156 3979 captum
176 3921 261 3974 inisse
281 3937 373 3990 regern
393 3923 463 3973 hunc
481 3937 558 3974 ‘suas
576 3923 672 3974 aientis
698 3923 810 3972 amicum
830 3921 947 3972 faciendi
972 3935 1050 3988 quam
1069 3921 1156 3985 impc-

14 4017 15 4028 τ
59 3989 126 4038 randi
145 3991 241 4058 quibus
260 4009 336 4044 mens
363 4008 418 4045 aon
435 3993 524 4044 aliena
552 4000 617 4044 crat.
667 3992 715 4046 sed
734 3993 882 4059 sapientiae
912 3993 969 4042 cius
990 4002 1017 4045 et
1040 4000 1156 4042 conten-

59 4054 133 4108 tionis
153 4063 180 4112 in
199 4070 325 4130 tyrannos
351 4061 509 4116 documenta
529 4079 588 4114 esse
617 4063 681 4114 dicit
706 4062 789 4115 libros
817 4078 883 4131 quos
905 4063 937 4114 de
956 4063 1056 4129 pictate
1076 4058 1157 4113 crul-

60 4129 142 4194 ταινία
162 4132 207 4200 qui
229 4150 335 4201 semper
357 4151 391 4186 ex
412 4135 456 4187 dei
476 4135 615 4188 voluntate
634 4135 782 4204 pretiosum
801 4135 835 4186 iis
864 4135 911 4202 qui
930 4134 1056 4200 pietatem
1069 4138 1157 4184 amant

59 4195 204 4254 thesaurum
223 4197 398 4272 praebibunt.
442 4205 483 4258 iris
507 4207 617 4274 insuper
645 4203 712 4256 hacc
732 4205 781 4256 ille
802 4206 937 4272 proponit.
977 4219 1093 4271 corpus,
1111 4205 1156 4253 in.

61 4270 288 4342 quiaquantum
308 4277 480 4330 dilaceratum
510 4287 581 4330 esset
606 4275 763 4330 verberibus
795 4285 822 4328 ct
841 4277 926 4330 solum
952 4277 1085 4343 sanguiue
1105 4274 1155 4325 de.

104 4419 105 4422 ,
145 4374 305 4444 Nicephorius
318 4379 427 4446 (ἕτερον.
454 4378 576 4431 Votttt.
936 4377 970 4428 25
