2926 4906
199 345 418 414 msronran
436 346 839 414 nmmmnanxxxrv.
857 323 1045 412 oo-ot.
1082 279 1176 408 ¹45⁷
1271 290 1278 306 ’

96 503 205 592 ἦμάνη
221 503 362 589 οἴκτιστος
386 509 488 596 ἐκείνη
511 493 632 596 θεάτης,
654 511 709 575 καί
731 505 779 574 ὅτι
802 508 1000 588 Μανιχαίων
1020 507 1076 573 καί
1097 506 1179 572 Μα-

97 611 244 674 σαλιανῶν
264 607 299 674 τὸ
320 611 422 696 δόγμα
446 615 541 690 τουτί,
563 613 619 678 καί
639 611 693 678 οὐκ
730 608 827 677 ἄλλου
849 609 965 674 τούτων
986 605 1065 676 ὅσοι
1079 628 1179 694 πρεσ-

94 705 211 795 βύτεροι
236 712 401 798 γεγόνασιν
433 713 588 800 αἱρέσεων
608 714 769 800 ἶοἷρχηγοί,
807 707 924 799 ὅρατήν
954 699 1042 776 εἶναι
1079 707 1179 794 λέγω)

95 807 269 895 ὀφθαλμοῖς
290 814 504 902 ἀνθρωπίνοις
515 813 637 901 γυμνήν
656 813 712 900 τήν
726 837 867 880 ακτιστον
885 814 978 879 θειάν
999 810 1118 888 οὐσίαν,
1140 805 1179 893 ήν

75 913 143 980 inci
172 912 349 998 α’γγελικαῖς
379 917 533 1000 δυνάμεσι
559 921 687 1000 βλέπειν
709 916 863 980 άιλάνατον
875 963 884 992 ,
916 912 1044 1000 εἴρηταί
1063 935 1097 976 τε
1124 910 1179 978 καὶ
1284 939 1288 960 1
1326 945 1328 952 ·

96 1011 246 1098 εἰρήσεται
265 1019 413 1101 προϊοῦσι
428 1018 634 1103 σαφέστερον.
653 1015 687 1082 τὰ
706 1016 769 1102 γάρ
786 1019 840 1100 τῆς
858 1013 1057 1080 πολυπλόκου
1070 1012 1182 1097 ταύτης
1194 1028 1248 1084 ΙΙ

96 1111 240 1199 αἱρέσεως
251 1115 504 1204 νάσημαΜάνης
517 1119 576 1201 μὲν
589 1119 742 1204 πρότερον
763 1115 781 1182 ὅ
801 1119 863 1181 τῶν
874 1115 1072 1196 Μανιχαίων
1085 1114 1199 1204 nocie-0

97 1216 164 1296 θρος
186 1214 365 1302 άάίνησέτε
383 1220 439 1285 καί
462 1218 554 1296 ἔτεκε,
575 1218 788 1284 Μασαλιανοί
811 1216 1079 1299 δ’έμαιεάσαντο,
1101 1214 1122 1300 ή
1148 1215 1183 1280 δέ

77 1317 149 1398 ,τῶν
172 1317 388 1400 εἰκονομάχων
411 1321 456 1397 εἰς
479 1319 637 1405 άνήμερον
657 1317 781 1404 ἡμέραν
799 1318 957 1403 ἐξήνεγκεν
978 1314 1108 1402 ὕστερον
1124 1341 1182 1384 τυ·

63 1413 208 1498 1θραννίς·
253 1415 274 1502 ἦ
299 1421 334 1484 δὲ
354 1422 409 1484 νῦν
440 1420 663 1490 ἑπιπολάσασα
686 1417 865 1504 Παλαμική
896 1418 1015 1507 φατρία
1038 1418 1091 1482 ἐπὶ
1111 1415 1182 1499 μεί-

95 1517 155 1592 ζονι
180 1515 260 1604 λύμῃ
293 1522 349 1604 τῆς
378 1515 549 1606 εὐσεβείας,
584 1521 744 1607 συμμάχῳ
775 1522 815 1607 τῇ
844 1519 1077 1604 δοναοτευοάσῃ
1105 1517 1183 1596 τέως

91 1615 172 1700 χειρί
188 1621 389 1705 χρησαμένη,
417 1618 532 1706 μέχρις
559 1617 620 1706 ήδη
642 1623 704 1686 ,καί
730 1623 785 1704 τῆς
813 1605 961 1704 αἰθερίας
986 1620 1103 1706 λήξεως
1123 1617 1183 1684 αὖ·

93 1717 221 1802 ξηθῆναι
241 1719 298 1803 τήν
318 1723 373 1804 τῆς
390 1721 502 1797 κακίας
524 1721 670 1808 πέπραχε
692 1723 805 1806 φλόγα.
849 1720 898 1786 διὸ
919 1723 975 1786 καί
990 1719 1184 1805 ἀναληπτέον

64 1917 142 1979 rorat
167 1914 188 2000 ή
213 1923 277 1982 τῶν
313 1918 461 1984 τοιοάτων
489 1920 660 2007 ’άφήγησις-
689 1924 821 2008 δέχηται
852 1919 906 1986 τὸν
934 1919 1182 2005 χρωματισμάν·

16 2109 17 2112 ¹
96 2012 202 2082 ἔλαθον
222 2018 289 2104 γάρ
319 2018 380 2105 ἐγώ
402 2022 650 2102 συναπενεχθείς
685 2025 731 2109 τῷ
761 2025 818 2086 τοῦ
839 2021 942 2106 Ιζήλου
965 2019 1117 2107 ῥεύματι,
1138 2019 1184 2106 μή

99 2111 305 2202 ἀνασχόμενος
327 2124 405 2208 σιγή
426 2126 600 2207 παρελθεῖν
621 2121 926 2209 συκοφαντουμένων
954 2126 1016 2186 τῶν
1034 2121 1183 2207 μεγάλων

98 2218 141 2297 τῆς
159 2221 328 2306 ἐκκλησιας
349 2223 405 2286 καί
426 2223 524 2287 θείων
549 2222 743 2308 φωστήρων,
768 2225 799 2287 Γ
800 2223 949 2308 ρηγοριόυ
975 2224 1083 2287 τεκαὶ
1103 2224 1182 2291 Διο-
1240 2268 1244 2276 ,

96 2319 205 2384 νυοίοο.
229 2319 282 2386 διὸ
297 2321 350 2388 τὸν
365 2323 441 2408 περὶ
457 2323 568 2388 τούτου
587 2322 678 2408 λόγον
696 2325 892 2408 πλατυτέρας
914 2323 1060 2406 δεόμενον
1076 2324 1182 2401 ἔξετά·
1192 2309 1249 2385 ss

62 2419 181 2496 νοοευς,
211 2421 341 2508 βραχέα
358 2415 428 2505 Ιμὲν
462 2424 595 2510 άρτίως,
621 2427 676 2489 καί
709 2421 784 2489 ὅσον
809 2422 865 2509 τήν
891 2423 1077 2510 προθυμίαν
1099 2422 1185 2510 άφο-

95 2515 291 2598 noeaoeane,
322 2525 525 2608 διεξήλθον··’
554 2550 594 2588 τα
627 2526 662 2590 δὲ
684 2525 784 2590 πλείω
801 2531 867 2602 τοῖς
886 2523 1069 2611 ἔμπροσθεν
1089 2549 1185 2607 ταμι-

94 2611 218 2682 εύεσθαι
237 2622 351 2708 κρίνας
373 2624 496 2690 δίκαιον
517 2627 618 2690 έκεῖσε
641 2624 797 2708 ἐπάνειμι,
819 2632 883 2704 τοῖς
908 2626 1111 2702 διδασκάλοις
1126 2623 1186 2688 κάν

93 2714 181 2805 τούτῳ
202 2721 395 2806 πειθόμενος
413 2728 561 2806 τουτοισιξ
591 2725 648 2806 τὰς
680 2723 761 2791 οὕτω
790 2726 945 2812 βεβήλους
973 2724 1187 2812 καινοφωνίας

95 3019 141 3068 itm
165 3019 311 3089 deitatem
339 3025 455 3094 denique
479 3012 694 3080 Manichaeorum
724 3033 751 3078 et
784 3023 986 3079 manlianorum
1012 3025 1106 3093 dogma
1133 3024 1186 3078 hoc

95 3101 159 3154 esse,
179 3108 234 3147 nou
254 3095 322 3147 alius
342 3097 476 3148 cuiusdam
497 3113 597 3163 eornm,
617 3099 662 3167 qui
685 3097 826 3164 superiore
844 3104 964 3164 tempore
982 3104 1112 3149 sectarum
1134 3095 1185 3147 du.

94 3162 279 3231 cecinerunt,
307 3167 440 3220 risibilem
457 3167 564 3221 scilicet
594 3184 653 3220 esse
679 3168 764 3220 oculis
786 3169 906 3220 humanis
927 3166 1075 3234 simplicem
1095 3168 1186 3218 etin.

95 3239 202 3286 creatam
231 3239 372 3290 essentiam
406 3237 480 3290 iliam
511 3240 628 3292 divinam
650 3255 727 3309 qnam
752 3255 841 3308 neque
870 3238 1012 3307 angelicae
1038 3245 1186 3305 potestates

94 3313 200 3380 cernere
217 3317 340 3374 possunt,
360 3311 412 3362 iam
434 3312 545 3376 exposui
565 3319 592 3363 et
610 3325 739 3378 exponam
761 3318 854 3378 postea
873 3309 980 3361 clarius.
1018 3309 1096 3361 huius
1115 3307 1187 3360 mul.

93 3371 188 3448 trpiicio
210 3379 330 3432 haeresia
355 3389 458 3448 pestem
488 3383 614 3449 concepit
631 3391 657 3434 et
681 3383 835 3449 procreavit
858 3381 956 3448 primus
977 3380 1077 3444 Manes,
1099 3379 1188 3434 Mani.
1223 3374 1229 3383 “

95 3439 231 3500 chaaorum
258 3452 379 3503 antistes.
424 3451 561 3505 Masaliani
580 3455 770 3520 procreandam
789 3460 929 3515 curarunt,
950 3451 1188 3504 iconomachorum

94 3521 183 3574 postca
200 3516 322 3586 tirannis
341 3523 369 3573 iu
386 3521 474 3574 iucem
494 3523 624 3590 protulit,
652 3524 785 3576 Palamica
807 3531 894 3575 autern
913 3538 982 3592 quaa
1003 3538 1072 3575 nuuc
1093 3529 1188 3590 regnat

94 3581 191 3661 iamiiia
221 3592 254 3646 ad
278 3594 403 3644 maiorem
422 3595 593 3660 ignominium
622 3595 763 3664 religionis
796 3603 823 3646 et
850 3594 929 3646 sortis
957 3593 1102 3657 coelestis,
1128 3609 1187 3644 cunr
1277 3645 1280 3650 ,

94 3660 195 3720 ruperti
219 3663 321 3714 nuxiiio
351 3664 494 3715 coniuncta
520 3666 640 3716 adhunc
670 3681 755 3734 nsque
774 3665 842 3716 diem
865 3664 972 3728 offecit,
991 3673 1021 3715 ut
1041 3665 1188 3730 impietatis

95 3728 211 3806 cumulus
231 3743 384 3801 angeretur.
428 3734 492 3785 indo
521 3736 603 3803 igitur
630 3736 802 3802 excipiendus
831 3743 872 3785 est
902 3736 1031 3786 orationis
1056 3735 1138 3802 iiius,¹
1158 3742 1189 3785 ut

96 3802 169 3848 otram
188 3800 280 3854 harum
299 3820 387 3856 rerum
406 3806 524 3857 narratio
544 3807 665 3857 iormam'
682 3807 795 3872 recipiat
813 3804 897 3856 multo
916 3805 1117 3872 perfectiorem.
1137 3805 1188 3856 ab.

94 3875 181 3948 reptos
202 3875 271 3924 anim
296 3876 378 3926 nimia
403 3876 672 3928 animi'valnemcntia
698 3875 796 3926 obiitus
826 3890 883 3926 sum
901 3889 956 3926 uon
977 3874 1086 3927 silentio
1105 3891 1187 3942 praa.

95 3938 173 3990 terrra
188 3945 349 4012 magna'iila
366 3959 397 3997 ac
416 3946 506 3997 divina
522 3948 654 3998 ecclesiae
673 3947 782 4010 lumina,
804 3946 961 4013 Gregorium
979 3954 1005 3997 et
1020 3947 1187 4012 Dionysium.
1276 3987 1280 3990 .

96 4014 261 4084 quamobrem
290 4016 368 4068 huius
402 4017 442 4068 rci
463 4019 641 4068 narrationem
666 4017 786 4086 quamvis
817 4016 913 4067 latiore
941 4032 1007 4083 opus
1035 4017 1070 4068 sit
1088 4024 1188 4068 tracta-

96 4077 180 4142 i¹⁰¹¹0,
210 4085 331 4138 breviter
352 4095 454 4138 tautum
473 4096 499 4140 et
520 4089 558 4141 uti
584 4088 717 4141 voluntati
740 4086 921 4139 satisfacerem
946 4095 1103 4155 persecutus
1121 4101 1188 4151 num,

96 4150 121 4193 ti
136 4163 216 4232 quum
236 4157 313 4224 plura
339 4158 372 4208 ad
396 4165 532 4226 poetarum
561 4158 660 4211 diiierri
680 4173 794 4227 aequum
814 4173 874 4210 asso
892 4165 992 4226 putem,
1011 4158 1078 4210 illuc
1096 4157 1188 4222 redeo,

96 4227 230 4287 magistros
256 4227 293 4280 ita
314 4236 422 4282 secutur
451 4238 480 4284 ut
500 4230 629 4284 eiusmodi
649 4233 785 4301 profanam
805 4228 947 4283 verborum
972 4228 1141 4283 insolentiam
1162 4235 1189 4282 et
