2992 4918
258 349 485 454 nrsromns
512 346 772 416 autumnos
790 349 886 415 xxv,
908 327 946 414 5.
964 329 1011 452 p.
1137 335 1185 410 tu

101 511 175 594 πρός
206 511 363 595 ι’όιωτικην
392 513 538 597 ἀφωνίαν
557 509 588 590 όξ
610 509 754 592 α’μαθίιις
786 511 913 594 μακρός
931 503 1187 589 συστελλόμενον,

103 612 178 676 σ’λλό
201 619 382 695 πρακτικαῖς
405 611 522 698 ὁρμαῖς
545 615 577 689 ἐς
598 608 631 676 τό
656 605 738 674 πόνν
762 634 792 676 τι
812 612 943 690 ἐμμελές
974 608 1105 696 εόφυιῦς
1122 631 1189 684 πως

104 712 381 796 α’ναρρωννόμενον.
404 714 443 780 τό
457 721 486 780 τ’
504 708 560 778 colo
574 709 655 778 όλλα
667 711 801 794 τόνόρός
815 711 980 793 ἐθαύμαζε
993 712 1189 794 μεμνημένος

103 813 222 895 ἐκείνου,
243 819 298 880 καί
318 809 365 881 ότι
382 816 417 881 τὸ
442 813 566 881 οἴεσθαι
584 817 702 880 εἰδέναι
722 819 847 887 πολλοῖς
863 816 919 876 καί
938 814 1000 876 τοῖν
1021 813 1114 876 cotis
1137 811 1190 876 αἰ-

81 915 230 996 5οχόντων
251 914 329 997 πρός
343 939 377 998 χε
391 915 426 980 τό
450 917 567 981 εἰδέναι
590 919 736 998 γίνεσθαι
755 912 901 993 ε’μπσιλιόν
921 907 1017 994 έλεχε,
1039 915 1094 976 καί
1105 915 1186 976 τοῦτ’

105 1013 177 1078 εἶναι
197 1017 317 1092 πάντως
345 1013 360 1079 ὃ
389 1017 505 1099 μικρόν
530 1009 612 1080 εἶναι
641 1018 755 1078 όοκοόν
775 1012 898 1096 μεχόλα
926 1016 981 1078 καί
1007 1009 1113 1089 πόλεις
1135 1015 1189 1077 καί

105 1111 199 1188 οἴκους
218 1115 350 1182 όόναται
364 1117 533 1198 βλάπτειν,
562 1113 604 1190 σός
632 1119 666 1180 έκ
685 1119 824 1198 βραχέος
845 1117 1022 1197 σπινθῆρος
1043 1111 1188 1196 ἀρχόμε-

107 1239 169 1296 νον,
191 1209 228 1279 οό
248 1215 283 1280 τό
306 1217 476 1299 νεμόμενον
499 1218 555 1282 οόκ
585 1210 624 1282 όν
647 1240 719 1281 ποτε
749 1221 843 1298 σταιή
880 1218 934 1297 τῆς
964 1211 1016 1276 ciel
1044 1237 1192 1298 νεωτερι-

106 1315 208 1400 ζοόοης
231 1317 348 1402 φλογός
368 1322 571 1403 κινουμένης,
602 1315 694 1382 ὁπότε
719 1318 878 1400 τραπέζης
899 1312 1062 1399 ῥαστοόνην
1093 1313 1112 1397 ἤ
1135 1317 1190 1397 τῆς

70 1410 173 1500 ιυόλης
193 1420 303 1482 δίδωσι
323 1425 520 1484 πολυτέλεια.
563 1417 710 1486 ἐντεῦθεν
736 1414 809 1501 όρια
836 1415 1024 1503 ῥιπτοῦνται
1048 1417 1192 1497 πατρίων

104 1518 237 1598 κανόνων,
262 1519 575 1601 πατοόνταιθεομό,
603 1523 658 1584 καί
688 1519 745 1582 σόκ
768 1517 852 1583 ἔστιν
877 1519 971 1580 ου’δὲν
1003 1513 1065 1582 τιόν
1085 1520 1191 1581 καλιόν

105 1610 122 1676 ό
141 1615 266 1683 δόναται
287 1625 392 1702 μένειν
414 1615 536 1698 ἓστσός,
559 1621 615 1686 καί
636 1615 678 1686 αὖ
703 1621 760 1685 cun
781 1619 865 1685 ἔστιν
885 1617 980 1683 οὐδὲν
1001 1620 1065 1682 τόν
1086 1620 1191 1682 κακοῖν

105 1714 122 1780 ό
142 1718 181 1802 pq*
203 1718 337 1786 δόνατοι
360 1720 419 1806 τήν
443 1722 597 1808 ἀλήθειαν
614 1725 828 1807 ἐξορχεῖσθαι.
871 1723 1032 1803 μοναρχία
1053 1723 1115 1802 μὲν
1136 1711 1193 1783 σόν
1286 1785 1288 1790 .

104 1816 225 1902 οἰήσεως
248 1822 421 1913 αότονομίρι
445 1829 698 1909 οτρατηχουμένη
725 1825 780 1887 καί
798 1822 924 1906 χνιόμης
946 1823 1067 1906 ὀρέξεσι
1089 1823 1195 1905 όημα-

70 1927 275 2009 λοχωχοομένη
300 1925 335 1988 τί
351 1928 411 2008 μὲν
436 1920 473 1987 όν
506 1932 567 1991 cciv
595 1923 801 2008 ὑγιαινόντων
830 1921 1021 2009 ἐρχόσαιτο,
1054 1926 1135 1996 τίνος
1165 1922 1194 1984 rl’
1291 1941 1297 1950 ·

102 2022 260 2106 οἷπόοχοιτ’
293 2021 332 2090 όν
361 2030 424 2090 τιόν
447 2027 655 2114 έρεθιζόντων
684 2026 737 2092 ε’πί
758 2027 796 2090 τό
818 2029 936 2110 χείρω;
967 2026 1086 2089 πολλοό
1104 2025 1193 2104 μέντ’

101 2115 142 2186 όν
163 2124 282 2208 δεήσειε
303 2123 465 2205 σώζεσθαι
487 2124 544 2212 τήν
563 2135 724 2191 πολιτείαν
754 2129 882 2213 ἐκείνην,
904 2127 959 2190 καί
978 2124 1023 2210 μη
1045 2120 1192 2201 καθάπερ

99 2224 301 2310 ἀκυβέρνητον
333 2234 441 2292 πλοῖον
464 2230 657 2302 διαποντίοις
678 2233 816 2311 χειμῶσι
849 2225 925 2310 πρός
947 2225 1019 2301 τοός
1040 2223 1197 2310 ἐσχάτους

100 2321 258 2402 κινόόνους
279 2324 491 2410 ἐλαύνεσθαι,
513 2333 606 2392 τοῦτο
620 2329 657 2413 δὴ
680 2329 715 2392 τό
738 2333 792 2412 τῆς
806 2331 989 2407 Βυζαντίων
1010 2325 1092 2392 ἴδιον
1113 2319 1198 2392 όνω-

68 2425 207 2504 λυθενιός
228 2427 266 2492 τό
289 2426 388 2491 πολλοὶ
413 2431 584 2503 πολιτείας.
630 2435 685 2494 καί
701 2431 758 2492 cula
780 2430 924 2509 ὀνειδίζω
939 2432 1037 2514 λε’χων
1060 2425 1117 2504 τός
1137 2428 1196 2492 τό-

103 2552 158 2610 χας
181 2529 299 2609 ἁπλιός,
321 2529 391 2592 ἀλλ’
413 2524 462 2593 ὅτι
485 2530 538 2594 διό
561 2535 654 2596 τοῦτο
677 2534 732 2595 καί
751 2534 877 2606 πλείους
899 2535 1089 2607 σκοποῦντες
1112 2523 1198 2596 όνω-

103 2817 176 2870 ralde
195 2816 375 2870 admirabatur
399 2816 434 2869 ob
452 2818 581 2872 naturalis
588 2819 746 2887 prudentiae
764 2821 869 2887 copiam
888 2835 947 2872 cnm
966 2821 1099 2888 gravitate
1117 2827 1198 2889 atque

105 2889 247 2941 constantia
273 2890 461 2954 coniunctam,
487 2899 517 2942 ut
540 2905 595 2943 non
622 2890 703 2942 facile
727 2891 760 2942 ad
784 2891 998 2958 intempestivam
1027 2886 1198 2944 ambitiobem

106 2959 311 3030 compelleretur
327 2975 417 3029 neque
436 2976 501 3014 vero
521 2963 553 3014 aul
573 2963 663 3014 rudem
684 2963 813 3031 quenulam
832 2969 912 3030 atque
931 2960 1059 3014 incultam
1082 2965 1196 3016 tacitur-

103 3033 204 3090 nitatem
224 3041 336 3099 propter
354 3048 475 3101 maguam
496 3035 628 3086 inscitiam
647 3035 837 3098 demiteretur,
856 3033 1009 3088 cedrorum
1036 3048 1085 3085 usu
1104 3034 1196 3086 litma-

105 3112 139 3156 tus
156 3105 374 3157 convenientiam
394 3106 522 3172 quandam
547 3107 683 3157 admodum
708 3107 832 3158 decoram
857 3121 921 3173 prae
948 3121 978 3157 se
1003 3105 1094 3158 ferret.
1140 3121 1199 3158 ma.

107 3177 168 3226 xime
187 3189 269 3239 vero,
289 3191 369 3242 quum
388 3175 467 3228 buius
487 3178 539 3228 viri
557 3178 718 3229 mentionem
739 3178 850 3242 faceret,
871 3177 922 3228 boc
941 3177 1039 3240 dictum
1067 3177 1124 3230 eius
1150 3177 1199 3230 ad.

107 3246 257 3300 mirabatur:
278 3245 368 3298 maltis
388 3245 537 3300 bominibus
557 3249 645 3316 iisque
663 3248 764 3316 alioqui
783 3263 838 3300 nou
863 3249 1200 3317 imprudentissimis,querl
1256 3243 1262 3255 '

108 3321 217 3370 rescire
241 3317 444 3381 arbitrarentur,
465 3319 491 3370 id
510 3319 604 3384 ipsum,
626 3321 765 3385 quominus
784 3321 894 3382 scirent,
915 3319 1104 3387 impedimento
1124 3335 1200 3384 οντες

109 3388 153 3438 boc
169 3389 276 3458 quidem
297 3388 360 3440 leve
380 3388 475 3453 videri,
496 3398 611 3440 attaureu
630 3406 724 3458 magna
744 3392 909 3444 incommoda
929 3399 956 3442 et
974 3391 1082 3443 urbibus
1102 3400 1129 3444 et
1148 3391 1199 3444 do.

109 3460 183 3512 nibus
202 3460 342 3512 facessere
360 3474 441 3526 posse
460 3458 546 3512 veluti
566 3469 592 3510 et
610 3460 759 3514 scintillula
779 3470 909 3525 exortum,
929 3477 997 3530 quae
1016 3463 1199 3516 iucenrlious.

111 3547 154 3599 que
170 3530 349 3583 insolentiore
370 3533 531 3583 exsuscitabo
551 3546 603 3582 uon
623 3533 760 3584 desineret
778 3535 865 3584 omnia
884 3533 1039 3600 depascere,
1058 3533 1137 3586 simul
1157 3541 1200 3585 at.

111 3619 155 3670 que
171 3603 300 3655 materiae
329 3602 403 3670 larga
426 3604 504 3670 copia
532 3601 612 3654 laeile
640 3605 827 3656 nutrimentum
852 3604 1073 3656 subministraret.
1112 3605 1200 3669 „inde‚

113 3676 196 3742 iuquit,
215 3673 329 3742 regulae
348 3682 429 3740 atque
447 3689 555 3726 normae
574 3689 589 3724 a
608 3676 727 3741 patribus
746 3677 907 3727 constitutae
925 3676 1104 3739 elisiioiuntur‚
1123 3675 1201 3745 leges

114 3746 294 3811 proculcantur
317 3743 440 3812 nihilque
461 3752 501 3798 est
520 3745 583 3808 boni
602 3753 682 3813 atque
702 3746 826 3809 bonesti,
846 3746 917 3814 qaod
935 3761 984 3798 suo
1004 3754 1073 3798 statu
1092 3762 1201 3799 manere

115 3817 205 3883 possit,
222 3815 293 3868 nihil
319 3816 381 3867 mali
406 3825 486 3884 atque
512 3816 626 3881 improbi
653 3818 723 3885 quud
751 3818 893 3870 veritatem
921 3818 1050 3870 insultare
1074 3826 1199 3886 nequeat.

116 3903 215 3955 regnum
235 3888 320 3954 igitur
339 3888 474 3953 opinionis
494 3887 603 3939 licentia
622 3889 797 3955 gubernatum
817 3888 953 3939 etarbitrii
964 3887 1119 3943 libidinibus
1139 3891 1201 3958 agi.

116 3966 188 4010 tatum
205 3989 238 4001 -
257 3959 320 4026 quid
342 3959 412 4025 frugi
433 3956 535 4010 faciet?
554 3974 606 4025 qua
624 3975 653 4010 re
671 3958 831 4022 abstinebit·
846 3974 914 4026 quae
932 3961 964 4010 ad
983 3961 1074 4025 peiora
1089 3961 1202 4012 incitare

118 4027 212 4095 possit?
231 4036 333 4080 tautum
352 4028 438 4093 abest,
461 4037 489 4080 ut
505 4027 567 4081 talis
587 4031 682 4082 civitas
702 4029 778 4082 salva
796 4038 877 4098 atque
895 4028 1036 4083 incolumis
1057 4047 1116 4082 asse
1135 4046 1202 4098 pos.

121 4101 157 4164 sit,
172 4108 199 4152 ut
215 4100 302 4152 veluti
321 4099 399 4151 navis
418 4102 476 4152 sine
499 4101 678 4167 gubernatore
697 4102 777 4153 maris
805 4101 1006 4168 tempestatibus
1032 4102 1058 4152 iu
1084 4110 1203 4154 extrema

125 4171 263 4222 liscrimina
285 4171 489 4240 praecipitetur.
511 4167 576 4222 baec
596 4187 662 4223 vero
681 4173 790 4240 propria
809 4181 850 4224 est
869 4172 986 4224 conditio
1011 4173 1128 4224 civitatis
1146 4172 1204 4237 By.

125 4244 235 4296 mutuae
253 4243 315 4296 iude
334 4256 420 4309 usquo
447 4258 480 4295 ex
505 4243 687 4310 superioribus
713 4242 885 4310 temporibus.
928 4259 1017 4313 neque
1044 4258 1109 4296 vero
1135 4243 1204 4310 huuc

307 4496 316 4524 l
