2992 4918
271 372 493 442 mesonma
522 358 973 442 renuntiauere.
996 357 1063 442 17.
1153 358 1201 440 λι

116 542 219 622 ριιέναι
239 541 293 621 τῆς
317 537 416 620 νήσου
439 537 548 619 κιο’μας
569 538 623 600 καί
645 542 801 610 πολιτείας
824 541 878 601 καί
906 535 1203 622 πόλεις·γεγένητοι.

116 639 165 704 καί
183 643 239 718 μὲν
261 636 299 722 δὴ
330 637 385 702 καί
408 636 553 722 έθεοάμην
572 638 605 704 τά
641 641 703 702 πᾶν
726 641 795 704 ἐκεῖ
811 645 900 722 γένος
924 642 980 722 τῆς
1000 641 1108 723 νήσου,
1124 637 1206 702 Ῥω-

116 742 220 822 μαίους
244 730 352 819 ὄντας,
384 738 479 826 σ’λίγιρ
513 743 575 804 δέω
606 743 722 822 λέγειν,
756 741 811 804 καί
841 739 898 824 την
920 743 974 822 τῆς
997 739 1207 823 πατριόυπί-

119 865 205 916 στειος
233 840 400 920 εὐσέβειαν
418 844 553 921 Ιδεβοιιάν
582 845 615 906 έκ
635 842 788 924 διαδοχῆς
810 841 862 906 αἐί
888 844 1110 926 κεκτημένους·
1154 838 1209 904 καί

100 959 166 1025 apoc
185 945 363 1032 βουλομένῳ
379 965 413 1024 γε
435 936 474 1024 ἦν
489 946 616 1007 πλείονα
626 937 742 1026 χρόνον
756 945 824 1006 ἐκεῖ
840 943 1078 1027 διατετριφέναι
1097 945 1207 1006 πλείο-

119 1067 164 1120 νος
191 1043 275 1108 ἕνεκα
300 1046 325 1083 ‘¹
346 1046 401 1107 καί
431 1048 620 1124 τελεωτέρας
652 1048 715 1108 τοῖν
742 1045 810 1107 ε’κεῖ
836 1041 1032 1127 πραγμάτων
1055 1039 1205 1144 ἱστορίας.
1216 1060 1236 1118 r,
1257 1058 1344 1118 1045,

121 1149 178 1210 ἀλλ’
199 1145 358 1230 ¹a’veoo'liec
380 1169 435 1224 μοι
467 1142 522 1226 τη“ν
556 1145 709 1229 βούλησιν
739 1143 756 1206 o‘
789 1148 960 1230 τηνικαῦτα
989 1144 1228 1226 μελετωμενος.
1292 1209 1294 1213 ,

123 1244 251 1330 θόρυβος
275 1248 341 1309 τοῖν
357 1268 390 1310 τε
413 1240 516 1309 ὅπλων
538 1245 592 1310 καί
613 1248 675 1308 τεάν
699 1247 769 1309 ἐκεῖ
777 1249 1010 1327 στρατιωτικῶν
1032 1245 1207 1324 δυνάμεων.

121 1339 154 1429 ἢν
171 1341 227 1430 γάρ
260 1344 279 1428 ἦ
304 1348 397 1426 νῆσος
428 1347 462 1409 ἐκ
492 1349 612 1408 πολλοῦ
646 1354 829 1430 συμφοραῖς
851 1344 1084 1429 ε’ντετυχηκυῖα,
1103 1345 1144 1408 δι’
1168 1338 1207 1420 ὅς

83 1453 293 1519 1οΛατινικοῑς
316 1440 424 1519 ὅπλοις
445 1443 646 1510 δουλεύουσα
672 1448 713 1534 τῷ
731 1450 785 1530 τῆς
808 1448 960 1519 Βενετιάς
983 1441 1126 1525 άπέκυψε
1147 1447 1207 1528 δη-

116 1548 206 1636 μοσίῳ
228 1546 458 1633 προστάγματι.
503 1543 576 1629 άρτι
597 1551 703 1612 τοίνυν
725 1547 833 1634 φήμης
854 1551 1001 1631 χεθείσης
1024 1548 1078 1611 ἐπί
1102 1547 1207 1612 πᾶσαν

19 1709 20 1712 ,
117 1641 237 1731 ἧπτιρέν
255 1670 291 1712 τε
314 1651 371 1712 καί
386 1652 479 1730 νῆσον
504 1647 547 1724 αἱς
569 1646 598 1713 oi
615 1646 648 1713 τά
663 1653 693 1713 Γ
692 1649 903 1730 αλατοδνυμσν
924 1651 1082 1723 οἰκοῦντες
1103 1648 1206 1734 φρυά-

115 1771 176 1831 ριον
196 1749 412 1832 ἀστυγείτονες
435 1750 465 1814 Γ
463 1757 631 1831 εννουῖτοι,
655 1749 974 1834 πορσαπονδήσαντές
994 1771 1027 1813 τε
1051 1751 1106 1814 καί
1125 1752 1207 1814 έπε-

115 1847 276 1924 ναστάντες
296 1858 361 1923 τοῖς
375 1847 574 1930 Βυζαντίοις,
588 1853 673 1936 σφᾶς
683 1874 717 1915 τε
739 1850 1004 1933 ναυμαχήσαντες
1026 1848 1205 1934 νενικήκασι

81 1955 161 2015 15καὶ
181 1945 248 2031 ὅμα
271 1947 436 2035 θαλάσσης
460 1947 533 2034 ὅλης
557 1952 725 2034 ἡγεμονίαν
747 1952 1012 2034 ω’νειροπόλησαν,
1033 1950 1075 2025 ὥς
1096 1953 1206 2036 μηκέτι

112 2049 185 2136 μήτε
213 2049 386 2126 καθεκτοάς
421 2045 503 2115 εἶναι
531 2050 612 2136 μήτε
640 2054 703 2134 μὴν
735 2047 804 2116 οὐδ’
833 2049 1008 2136 ὅμοφάλοις
1033 2048 1079 2115 ἔτι
1101 2056 1206 2132 μένειν

112 2151 299 2226 ἐνσπόνδους
321 2154 459 2232 ἐθέλειν,
490 2151 569 2218 α’λλά
601 2150 741 2236 σκληρὰν
771 2151 826 2216 καί
852 2143 919 2221 οἷον
940 2155 1038 2217 εἰπεῖν
1059 2147 1208 2235 ἡγεμονι-

111 2249 161 2334 κην
184 2249 242 2334 την
277 2249 382 2337 άφράν
410 2249 491 2318 κατά
514 2253 640 2318 πάντων
672 2246 742 2316 ὅσοι
770 2250 943 2316 θαλάττιον
963 2256 1117 2332 βόσκουσι
1138 2249 1207 2331 βίον

111 2353 396 2434 έσανοτείνοσδαι,
419 2357 626 2437 ταραχθῆναί
651 2378 685 2418 τε
708 2349 764 2417 οὖν
787 2350 922 2430 πολλοάς
952 2349 1004 2417 διά
1029 2353 1208 2418 ταῦτακαὶ

77 2452 235 2519 λδπάντων
256 2451 396 2536 μάλιστα
418 2449 616 2536 Βενετικοάς,
637 2454 778 2538 μεγάλας
799 2457 859 2534 μέν
882 2453 1048 2537 έξαρτάειν
1071 2457 1104 2518 έν
1123 2458 1208 2538 βρα-

110 2563 158 2638 χεῖ
178 2553 330 2629 ναυτικάς
353 2558 550 2636 δυναμένους
570 2557 739 2637 δυνάμεις,
757 2561 840 2639 μέγα
863 2557 898 2620 δὲ
929 2553 982 2618 διά
1008 2556 1101 2619 τοῦτο
1123 2577 1208 2641 φρο-

112 2665 167 2720 νεῖν
189 2653 336 2739 ἕχοντας,
359 2653 468 2722 ἔπειτα
493 2656 579 2742 παρά
612 2655 706 2738 δόξαν
735 2653 788 2721 ὑπ’
812 2657 940 2722 ἐκείνων
962 2649 1022 2742 ἢδη
1044 2659 1209 2740 κωλυομέ-

113 2779 177 2836 νους
198 2761 235 2832 ές
264 2755 320 2824 τὸν
352 2750 417 2823 άνω
442 2760 541 2824 τόπον
572 2759 628 2824 καί
650 2756 707 2844 τὴν
732 2761 884 2824 Μαιῶτιν
907 2762 962 2824 καί
991 2757 1049 2834 τοὶς
1077 2755 1208 2839 ἐκβολάς

115 3011 204 3066 τέλειοι
227 3009 363 3080 urbesque
384 3027 464 3081 quum
483 3012 592 3078 adirem,
612 3018 696 3064 totum
713 3027 799 3083 genua
819 3011 973 3077 hominum,
999 3013 1069 3081 quod
1093 3011 1207 3065 incolam

114 3084 209 3150 incolit,
828 3085 960 3138 Romanos
981 3099 1040 3136 esse
1060 3092 1087 3136 et
1104 3083 1207 3151 patriae
1272 3089 1280 3111 ·

115 3155 168 3206 idei
187 3157 319 3224 pietatem
339 3170 354 3206 a
378 3156 522 3208 maioribus
544 3172 630 3226 unque
656 3157 777 3208 traditam
800 3164 954 3208 constanter
981 3157 1050 3209 tueri
1079 3157 1205 3226 cognovi.

114 3227 169 3277 nihi
187 3226 299 3297 quidem
318 3227 346 3277 in
366 3229 453 3279 animo
474 3237 546 3294 erat,
565 3243 617 3296 quo
637 3228 792 3297 diligentius
813 3236 840 3279 et
857 3229 1006 3280 accuratius
1032 3228 1137 3281 insulae
1162 3243 1214 3280 ree,

116 3297 288 3364 explorarem,
308 3297 416 3367 longius
436 3300 473 3350 ibi
491 3307 594 3368 tempus
616 3301 787 3362 commorari3
807 3301 854 3352 sed
873 3299 905 3350 ab
924 3299 976 3351 hoc
996 3302 1134 3367 proposito
1156 3299 1206 3351 de.

115 3369 226 3422 turbatus
245 3385 305 3422 eum
324 3385 454 3422 armorum
475 3370 650 3438 militumque,
671 3373 715 3440 qui
735 3379 788 3422 tum
807 3370 1004 3438 imperabatur,
1020 3371 1141 3423 tumultu.
1161 3372 1206 3423 in.

117 3439 167 3491 anla
185 3443 257 3494 enim
278 3441 330 3492 iam
350 3442 395 3492 diu
413 3443 441 3493 in
461 3443 631 3494 ‘calamitates
656 3443 805 3507 inciderat,
832 3450 943 3510 propter
968 3458 1033 3510 quas
1054 3443 1206 3494 Latinorum

117 3513 186 3564 armis
204 3513 318 3565 subacta
338 3512 457 3564 Venetae
477 3514 643 3580 reipublicae
672 3516 784 3582 imperio
810 3529 839 3565 oe
862 3513 992 3566 submisit.
1041 3530 1119 3583 quum
1139 3529 1205 3566 vero

116 3584 184 3652 poio
204 3599 289 3652 anper
308 3591 390 3635 totam
409 3587 591 3636 continentem
613 3594 639 3637 et
658 3585 772 3638 insulam
791 3600 880 3636 rumor
900 3585 1035 3652 dispersus
1058 3593 1138 3650 aeret,
1151 3585 1206 3638 Ge.

117 3667 234 3720 nuensea,
254 3657 301 3722 qui
321 3656 430 3708 Galatae
449 3665 543 3708 tenent
562 3656 701 3709 castellum
722 3659 749 3708 in
768 3657 839 3708 urbis
859 3657 1008 3721 vicinitate,
1029 3657 1139 3709 foedere
1157 3673 1207 3708 ru.

118 3731 158 3787 pto
177 3735 202 3778 et
219 3725 375 3778 rebellione
397 3727 467 3779 sacta
483 3728 630 3794 Byzantios
649 3728 754 3795 proelio
773 3727 863 3780 navali
883 3729 982 3780 vicisse
1003 3735 1029 3778 et
1049 3730 1135 3786 totius,
1148 3745 1207 3781 ma-

118 3794 149 3844 rie
168 3797 308 3865 imperium
330 3801 482 3864 somniare,
508 3809 537 3852 ut
556 3816 643 3869 neque
663 3801 784 3852 coerceri
803 3809 915 3866 possent
933 3815 1022 3866 neque
1040 3816 1075 3851 ne
1096 3801 1206 3854 foedere

118 3867 214 3930 quidem
235 3885 295 3920 eum
316 3869 491 3937 popularibus
510 3873 601 3923 iuncto
621 3880 691 3924 stare
703 3870 816 3935 vellent,
837 3871 884 3922 aed
902 3870 1017 3938 superba
1036 3873 1163 3939 quaedam
1181 3879 1207 3922 et

117 3943 143 3984 nt
161 3939 196 3989 ita
215 3941 303 3992 dicam
329 3942 501 4008 imperatoria
520 3942 666 4010 supercilia
691 3945 818 3996 adversus
846 3957 959 4006 omnes,
980 3943 1024 4009 qui
1050 3944 1207 3996 maritimam

118 4018 192 4073 agunt
211 4013 306 4076 vitam,
326 4027 389 4080 prae
409 4031 438 4065 se
458 4015 568 4078 ferrent,
592 4015 642 4066 hac
661 4031 690 4066 re
711 4023 738 4066 et
757 4014 804 4067 alii
823 4014 898 4065 multi
920 4013 1070 4066 conturbati
1098 4023 1159 4067 sunt
1181 4022 1208 4066 at
1229 4051 1230 4054 κ

117 4082 255 4147 praecipue
266 4082 372 4148 Veneti,
393 4086 448 4153 qui,
467 4101 621 4153 quamquam
635 4087 712 4138 brevi
725 4094 845 4153 tempore
864 4101 973 4154 magnas
987 4088 1078 4153 copias
1095 4086 1206 4138 nauales

118 4161 243 4204 exornare
263 4162 345 4223 atque
363 4156 465 4207 idcirco
485 4156 553 4209 haud
574 4159 723 4210 mediocres
743 4158 793 4210 sibi
811 4158 920 4223 spirituo
941 4173 1045 4210 sumere
1065 4165 1206 4224 poterant,

118 4223 166 4270 ium
176 4230 289 4289 praeter
313 4226 467 4292 opinionem
486 4227 519 4278 ab
538 4228 595 4282 illia
622 4231 673 4280 iem
691 4230 812 4298 impediti
827 4237 923 4294 eram,
948 4230 1088 4299 quominus
1106 4229 1134 4280 in
1158 4243 1206 4282 ou-

117 4292 232 4352 periorea
251 4298 380 4366 regiones
401 4307 427 4350 et
444 4298 530 4352 lacum
550 4301 707 4358 maeotidem
737 4309 763 4352 ot
787 4301 819 4354 ad
846 4303 916 4354 oatia
934 4299 1055 4358 Tanaidir
1085 4311 1133 4367 pro
1157 4310 1205 4350 ouo
