2910 4896
364 259 369 292 t

258 305 333 412 244
437 317 472 426 Α·
540 304 553 380 ‘3
567 313 791 384 momnom
825 311 1055 380 eaneoaaa
1108 309 1112 318 '

258 481 418 558 πλοῦτος,
445 473 594 555 καδόπαξ
618 459 904 561 ύπαςίσυλληβδην
935 477 1034 542 εἰπεῖν
1066 474 1226 558 σ’γούμμος
1247 476 1359 559 σφίσιν

259 583 363 644 εἵπετο
384 577 438 642 καὶ
459 574 567 659 αύτός,
589 577 818 664 Παλαιολόγον
841 580 898 642 τού
917 579 1075 659 βασιλέως
1107 573 1252 650 ἐνδόντος
1276 576 1365 640 αἰδοῖ
1421 589 1425 600 ·

259 681 316 743 τού
336 679 460 761 κη’δονς.
545 697 549 702 “

193 795 248 847 81
296 789 298 794 '
358 779 452 846 Ἀλλό
485 781 605 846 λεκτέον
628 779 704 863 ημῖν
733 782 766 844 ἐν
782 785 904 864 βραχεῖ
917 784 972 844 κού
982 774 1060 845 -όοα
1081 780 1253 862 τηνικαῦτα
1277 802 1386 856 σομ-,

141 861 162 915 f·
171 861 249 916 ²²5¹·
260 886 403 946 πέπτωκε
425 879 609 969 πατριύρχῃ
629 884 773 969 Φιλαθέηι
794 885 837 968 τη]
862 881 1092 969 ἐπικεκλημένηι
1114 882 1277 967 Κοκκύνρι·
1301 877 1383 961 χρὴδ
1451 915 1452 950 r

259 981 320 1066 μόρ
339 985 481 1048 ἐνταῦθα
500 981 615 1063 μικρόν
628 979 860 1063 ἀ’ναδραμόντα
882 983 923 1068 τῷ
938 978 1018 1069 λόγῳ
1040 985 1144 1059 δεῖξαι
1166 972 1212 1056 οἷς
1235 979 1361 1044 α’κούειν

261 1083 369 1170 ἐφεσις
392 1081 443 1146 οἵα
477 1084 531 1146 καὶ
558 1071 669 1170 ταύτην
690 1083 805 1146 θεόθεν
829 1085 863 1147 ἐκ
885 1084 944 1145 τού
967 1079 1084 1165 σχεδόν
1109 1085 1265 1166 ἐνέσκηψε
1288 1104 1362 1144 παι-

262 1188 330 1253 δεία
357 1184 437 1267 πρός
461 1181 601 1267 ,ἔλεγχον
629 1188 685 1266 της
715 1183 849 1278 οἷκοζρον
882 1185 936 1246 καί
967 1184 1133 1269 σφαλερός
1158 1180 1361 1264 καυχήσεως.
1419 1179 1424 1187 ’

261 1284 336 1368 ἐσχε
359 1284 420 1368 γὰρ
446 1283 572 1349 oozam:
617 1286 738 1368 ἐγένετο
760 1281 839 1348 κατό
861 1282 920 1367 την
940 1281 1038 1368 μόνην
1069 1280 1170 1366 ἦπού
1194 1283 1363 1364 Κραταιοό
1451 1321 1452 1372 η

262 1390 473 1470 ἐπικέκληται,
495 1392 645 1467 λείψανον
665 1382 759 1470 ἱερόν
774 1388 808 1450 ἐκ
820 1388 962 1470 κεφαλῆς
977 1378 1056 1470 ύχρι
1078 1387 1185 1448 ποδύν
1207 1384 1363 1456 α’νενδειός
1372 1398 1398 1452 10
1446 1407 1452 1472 η

263 1491 326 1552 τεόν
347 1489 454 1568 μελιόν
476 1482 621 1550 ἐπόντων
648 1483 721 1567 ἔχον
743 1481 900 1570 εύρῖησδαι
928 1483 1008 1570 πρός
1036 1489 1097 1551 τοῖν
1118 1489 1187 1550 ἐκεῖ
1201 1485 1363 1566 μονοιζον-

195 1633 199 1647 ,
263 1591 516 1670 caryotarum.
566 1587 640 1669 περὶ
663 1578 702 1650 οὗ
725 1586 779 1650 καὶ
795 1585 893 1670 πολλή
917 1610 964 1661 τις
996 1579 1119 1669 ἤκμασε
1140 1589 1217 1660 τέως
1240 1579 1363 1667 ύπόλη·

264 1705 321 1770 ψις
343 1698 408 1765 τοῖς
430 1695 567 1768 πολλοῖς,
587 1687 744 1771 Ἀνδρέαν
765 1689 821 1752 τού
843 1685 974 1772 Κρήτης
996 1681 1089 1768 εἶναι,
1111 1683 1146 1763 δς
1160 1686 1223 1751 ,σύκ
1248 1686 1363 1769 ὀλίγοις
1390 1682 1394 1697 ’
1451 1679 1452 1686 '

265 1786 323 1872 την
346 1790 511 1872 ἐκκλησίαν
531 1787 702 1874 ἐκόσμησεν
726 1787 824 1871 ἱεροῖς
842 1793 964 1868 μέλεσι.
1020 1795 1112 1854 τούτο
1134 1786 1196 1871 μόρ
1218 1784 1364 1872 κατοροό-
1451 1783 1452 1802 ³

265 1884 376 1974 ρνκται
397 1893 456 1970 μὲν
477 1892 519 1975 τη]
542 1887 656 1976 ἐδόφει
677 1890 732 1955 τού
752 1893 841 1954 θειόν
872 1887 992 1953 ἐκεῖνον
1013 1886 1090 1971 νειό,
1112 1882 1149 1974 ἦν
1174 1891 1202 1951 δ’
1224 1887 1364 1972 α’φανεῖρ
1374 1900 1399 1952 15
1451 1873 1452 1902 ἐ

266 1989 561 2072 κεκαλυμμένονέκ
583 1993 724 2054 παλαιοῦ
745 1989 799 2053 κατ’
819 1991 929 2056 σύδενῖ
945 2017 994 2055 πω
1022 1987 1180 2075 μνεόριμον
1211 1981 1292 2072 οἴχρι
1312 1991 1364 2070 τῆς
1451 1977 1452 2004 ³

200 2093 328 2163 υτῶν
353 2095 408 2156 νῦν
426 2094 583 2174 χρονικῶν
603 2090 761 2174 περιόδων
784 2091 916 2175 ἡλικίας.
941 2075 1016 2176 όρτι
1041 2095 1069 2156 δ’
1092 2091 1150 2156 ούκ
1172 2083 1230 2154 οἶδ’
1254 2085 1365 2152 όπότε-

267 2217 322 2278 ραν
344 2193 389 2268 εἷς
404 2193 587 2277 τούμφανὲς
607 2189 767 2276 ἐληλύθει,
789 2190 845 2256 εἴτ’
866 2195 898 2269 ἐξ
911 2193 1076 2268 ἐπιπνοίας
1090 2189 1176 2266 τινός
1189 2193 1363 2270 θειοτέρας,

268 2294 335 2360 εἴτε
350 2291 434 2369 τινός
454 2298 566 2375 χρεῖος
590 2291 741 2377 ἐνστάσης
766 2290 910 2375 ὀρύττειν
933 2293 1044 2374 ἐκεῖσε,
1068 2290 1125 2357 εἴτ’
1150 2295 1207 2355 ούκ
1229 2286 1292 2356 οἶδ’
1315 2281 1366 2352 όν·
1451 2275 1452 2340 Ῑ

154 2423 155 2428 ’
265 2419 335 2460 τινα
353 2392 469 2477 τρόπον
491 2391 604 2478 ἕτερον.
649 2393 767 2478 ούμύρ
791 2386 905 2478 ὄψεσιν
934 2397 1047 2470 αύταῖς
1067 2387 1121 2475 μοι
1141 2394 1294 2476 τετύχηκε
1315 2410 1401 2474 με-ηο
1451 2423 1452 2426 “

268 2499 388 2582 νομένηι
410 2493 491 2559 κατ’όι
523 2493 577 2559 τόν
606 2493 702 2561 τόπον
722 2493 916 2578 θεάσασθαι,
938 2497 996 2561 ror?
1023 2483 1195 2582 τηνικαῦτα
1225 2494 1366 2578 διιομμσό
1399 2541 1404 2549 ,

269 2598 324 2660 καί
346 2598 401 2661 τού
421 2597 475 2679 τῆς
499 2599 664 2681 ἐκκλησίας
684 2600 841 2679 χειμῶνος
868 2600 986 2664 ἐκεῖνον
1001 2594 1059 2672 τός
1081 2595 1161 2680 ἐμός
1185 2593 1363 2679 ἐμκλειῖταν·

268 2719 320 2773 τος
340 2689 456 2781 θύρας,
476 2697 519 2773 ιδς
540 2700 616 2783 μηδ’
636 2699 690 2762 ἐπί
709 2694 816 2782 βραχύ
832 2693 910 2781 μούν
923 2699 967 2773 εἰς
989 2695 1159 2782 ἐλεύθερον
1176 2697 1364 2782 προκύπτειν
1415 2709 1418 2718 “

271 3003 299 3055 in
319 3003 396 3070 regio
424 3001 523 3054 horreo
545 3001 679 3054 collectae
694 3025 697 3030 ·
710 3008 785 3053 erant
810 3001 921 3055 divitiae
947 3016 1039 3055 omnes
1069 3003 1177 3054 omnino
1203 3007 1363 3069 cunctaeque

273 3089 321 3128 eoa
341 3072 435 3127 faciles
451 3082 557 3142 portatu
576 3073 755 3142 sequebantur
776 3081 802 3124 et
820 3075 904 3142 ipsae.

371 3169 423 3223 Sed
443 3170 563 3221 breviter
582 3170 693 3222 dicenda
711 3177 782 3234 auat,
802 3181 871 3236 quae
890 3171 1061 3238 contigerant
1080 3185 1113 3222 eo
1130 3178 1251 3237 tempore
1272 3167 1363 3221 Philo-

271 3243 336 3294 theo
356 3241 535 3308 patriarchae,
555 3243 598 3293 cui
616 3242 737 3292 coccinei
757 3253 905 3309 cognomen
925 3250 990 3293 erat.
1014 3250 1055 3293 eat
1072 3248 1160 3293 autem
1180 3241 1264 3292 oratio
1286 3237 1363 3306 paulo

272 3313 352 3364 altius
375 3311 520 3378 repetenda
534 3314 577 3375 iia,
597 3313 692 3380 quibua
705 3313 829 3365 audiendi
848 3313 1008 3364 deaiderium
1024 3321 1073 3376 est,
1095 3327 1163 3380 quae
1174 3312 1304 3363 institutio
1323 3309 1363 3360 di-

258 3386 336 3436 ‘vina
356 3399 419 3434 casu
444 3385 471 3434 in
492 3398 550 3451 eum
575 3384 683 3435 irruerit
707 3384 739 3434 ad
767 3383 976 3436 dedecorandam
1001 3385 1116 3450 ineptam
1145 3383 1363 3447 vacillantemque

275 3455 489 3508 ostentationem.
538 3470 582 3506 rea
608 3464 665 3507 erat
684 3455 765 3511 haec:
792 3455 890 3507 accidit
915 3457 942 3506 in
960 3455 1141 3520 monasterio,
1173 3455 1243 3523 qnod
1265 3449 1363 3520 Cretaei

274 3527 381 3589 dicitur,
400 3533 430 3576 ut
448 3539 551 3576 sacrum
570 3527 744 3593 fragmentum
762 3542 778 3578 a
798 3528 885 3593 capite
903 3541 988 3594 usqne
1016 3527 1048 3578 ad
1067 3526 1148 3593 pedes
1169 3527 1271 3592 copiam
1289 3521 1364 3574 extri-

273 3597 340 3649 hcna
360 3597 521 3648 canticorum
542 3599 657 3649 omnium
668 3599 835 3649 inveniretur
854 3614 869 3649 a
888 3597 1054 3661 mulieribus,
1073 3613 1142 3665 quae
1159 3597 1197 3649 ihi
1219 3593 1291 3648 crant
1307 3607 1364 3643 mo·

274 3667 399 3721 nialibus.
437 3669 470 3720 de
488 3685 539 3736 qua
563 3685 593 3720 re
622 3685 717 3736 magna
735 3669 863 3737 quaedam
889 3671 958 3720 inter
977 3667 1074 3737 vulgus
1095 3668 1217 3735 pollebat
1243 3664 1363 3733 auspicio,

276 3756 309 3790 ex
329 3755 380 3807 qua
399 3741 432 3791 ad
450 3741 583 3794 Andrenm
604 3741 699 3793 Cretae
729 3748 804 3792 erant
822 3739 870 3792 illa
888 3740 1045 3804 referenda,
1078 3740 1123 3807 qni
1141 3754 1195 3790 non
1214 3739 1303 3806 paneis
1321 3749 1364 3785 aa·

192 3827 196 3830 ·
278 3812 331 3862 cria
352 3813 463 3862 canticis
483 3810 625 3862 ecclesiam
645 3814 759 3864 ornavit.
779 3811 830 3862 hoc
849 3812 980 3862 infossum
1001 3811 1085 3862 estin
1107 3811 1188 3862 fundo
1207 3810 1275 3862 sacri
1295 3805 1365 3857 illins
1398 3825 1399 3832 ι

276 3882 378 3949 templi.
416 3892 474 3935 erat
492 3883 609 3934 tenebris
628 3883 777 3935 involutum
806 3883 939 3950 exlongo
964 3890 1085 3949 tempore
1109 3883 1263 3949 neminique
1280 3885 1365 3930 notum

280 3969 364 4022 usque
377 3949 413 4004 'ad
431 3955 611 4021 praesentium
629 3962 776 4021 temporum
798 3959 920 4006 aetatem.
956 3955 1050 4006 nescio
1075 3961 1172 4018 antem,
1193 3943 1317 4021 ‹fuomodo
1337 3943 1366 3995 ad

206 4069 211 4082 ,
277 4024 366 4076 lucem
388 4033 550 4092 protractum
570 4023 627 4089 ait,'
640 4035 725 4078 utram
745 4027 876 4090 sapientia
904 4025 1014 4094 quadam
1036 4025 1125 4077 divina
1150 4041 1184 4076 an
1205 4040 1238 4075 ex
1254 4016 1368 4074 necessi-

278 4103 335 4146 tate
356 4097 393 4147 ibi
414 4097 540 4161 fodiendi,
560 4113 593 4148 an
613 4099 706 4149 nescio
725 4111 778 4164 quo
797 4097 850 4148 alio
870 4099 958 4149 modo.
1001 4110 1055 4148 non
1082 4099 1152 4148 enim
1170 4096 1236 4147 mihi
1255 4089 1367 4156 contigit

280 4175 310 4220 at
328 4170 395 4220 meis
411 4169 494 4236 ipsias
514 4168 601 4220 oculis
621 4167 708 4220 locum
728 4167 919 4235 perlustrarem
939 4169 1126 4236 persecutione
1138 4183 1207 4236 quae
1225 4175 1277 4217 tura
1295 4161 1369 4214 fiebat

279 4247 306 4296 et
324 4241 456 4298 ecclesiae
475 4247 633 4310 tempestate
652 4240 702 4294 illa
715 4255 790 4300 meaa
815 4241 956 4298 claudente
967 4242 1132 4312 ,perterrita
1145 4247 1175 4296 ut
1190 4253 1226 4294 aa
1246 4235 1368 4292 inbrera
