2992 4916
308 293 383 382 tet
603 311 828 384 murreum
857 312 1101 431 samum
1170 337 1190 401 ς

239 499 297 554 u
408 480 476 543 Τοῦ
497 475 699 562 stentoreos
725 475 984 565 στρατηγήματος
1014 474 1156 560 εότυχοός
1173 497 1207 542 τι
1229 472 1286 541 καὶ
1304 497 1401 559 τραυ-

305 577 415 666 μότοιν
437 581 514 661 δίχα
534 581 581 667 τῷ
607 583 740 664 βασιλεῖ
764 579 925 667 γεγονότος
953 578 1062 664 ἕτερον
1091 577 1265 664 ἐπιγινεται
1284 577 1400 660 μεῖζον,

239 763 247 772 .
304 685 427 767 μᾶλλον
449 684 484 748 δὲ
503 684 567 747 τῶν
588 679 963 768 αι’τῷ,σπουιλαζομε’ναν
977 677 1012 745 τό
1033 679 1181 767 μέγιστόν
1201 701 1235 744 τε
1247 679 1305 744 καὶ
1325 701 1401 763 κρο-

182 781 201 812 ·'
304 783 479 850 ταιότατον.
501 783 557 848 καὶ
579 782 615 848 τό
636 805 672 869 γε
691 784 815 866 βέλτιον
830 781 886 846 καί
908 782 1182 868 θαυμαστότερον,
1206 777 1256 848 ότι
1276 778 1334 845 καί
1354 774 1402 855 ξόν

305 883 412 950 estest
435 885 532 972 πόνῳ.
558 883 730 967 ἱσταμένου
750 883 812 971 γὰρ
835 879 897 968 ήόη
916 885 973 948 rue*
994 881 1122 970 θέρους,
1139 883 1200 970 ,καί
1219 887 1284 948 τοῖιν
1307 877 1421 950 ἄπα-5

301 983 392 1066 χόιον
416 985 685 1072 προκαλουμένων
704 984 777 1061 τοὺς
793 987 946 1070 θεριστὰς
966 983 1022 1049 καί
1043 984 1272 1067 όμαλλοόέτας,
1294 1003 1402 1064 τετρα-

245 1079 250 1086 ’
305 1087 483 1166 κισχιλίους
514 1085 631 1162 ἱππέας
665 1086 853 1172 βαρβάρους
885 1083 1063 1171 ἅνειληφιός
1091 1085 1300 1172 πεμφθέντας
1321 1109 1404 1170 παρα

302 1187 360 1250 τοῦ
383 1183 536 1272 Ὑρκανοῦ
557 1189 614 1252 τοῦ
634 1189 782 1273 γαμβροῦ
795 1189 972 1261 Ματθαῖος
995 1183 1018 1248 ό1
1038 1183 1190 1268 βασιλεὺς
1211 1183 1229 1250 ό
1249 1187 1402 1251 τοῦΚαν-

174 1287 500 1370 λλλλλιτακουζηνοῦ
526 1284 613 1365 υἱός,
644 1287 700 1352 καὶ
729 1285 762 1350 εἴ
778 1309 858 1363 τινες
881 1278 943 1349 sier
970 1287 1012 1371 τῇ
1033 1283 1129 1348 αότσῦ
1149 1288 1296 1369 βασιλίδι
1316 1283 1401 1351 ὑπεί-

303 1409 408 1463 κοντες
427 1391 620 1471 στρατιῶται
640 1385 795 1471 Ῥωμαῖοι
815 1387 890 1474 περὶ
910 1383 944 1451 τό
960 1385 1122 1473 Βαλερόν,
1143 1388 1199 1451 καὶ
1219 1389 1338 1469 διαβὰς
1350 1384 1434 1463 reicit

303 1489 379 1573 περὶ
404 1487 875 1573 Χριστοόπολινέστενοομένας
898 1488 1082 1575 παρόδους,
1105 1489 1245 1573 ἐληίζετο
1267 1486 1309 1552 τό
1330 1490 1399 1554 ἐπέ-

302 1613 391 1654 κεινα
418 1593 589 1656 Φιλιππων
611 1587 718 1669 ἄστεα,
738 1593 862 1674 μᾶλλον
885 1592 914 1653 θ’
937 1587 999 1655 όσα
1023 1589 1171 1676 περιόικα
1192 1589 1316 1666 τοότοις
1333 1613 1399 1671 χα-

304 1691 359 1774 ρία
378 1689 547 1774 Ῥωμαίων
566 1692 625 1774 μὲν
648 1686 740 1770 ὄντα,
776 1688 901 1775 όπήκοα
927 1691 962 1755 δὲ
996 1693 1190 1777 Τριβαλλοῖς
1219 1693 1254 1754 ἐκ
1274 1693 1400 1758 πολλοῖ.

236 1787 322 1855 “ii
344 1791 579 1876 προεγνωκότος
609 1795 666 1856 τοῦ
684 1790 740 1875 τήν
760 1790 873 1877 χώραν
893 1791 1016 1875 ἐκείνην
1047 1795 1218 1877 τηνικαῦτα
1241 1791 1401 1866 διέποντος

306 1877 507 1977 Τριβαλλοῦ,
529 1894 585 1958 καί
615 1890 812 1968 ἀνειπόντος
843 1894 877 1956 ἐν
901 1889 1019 1968 όπλσις,
1042 1890 1161 1976 ήττήθή
1184 1890 1267 1956 κατιὶ
1286 1891 1399 1977 κρότος
1408 1911 1432 1962 15

302 1989 517 2068 Ματθαῖοςό
541 1994 701 2074 βασιλιός,
725 1991 781 2058 καί
801 1989 884 2056 ἱόλω
905 1992 964 2076 μὲν
979 1989 1074 2068 αὐτός
1099 1994 1171 2071 ζοόν,
1193 1985 1342 2056 ἓόλοοσαν
1365 1992 1398 2055 δὲ

302 2091 358 2157 καί
380 2089 408 2157 οἱ
429 2099 497 2176 μετ’
523 2091 622 2159 aizoi
642 2093 758 2175 σχεδόν
780 2091 932 2171 ἅπαντες,
954 2091 1026 2158 όσοι
1046 2091 1091 2176 μή
1115 2096 1234 2178 ξίφους
1257 2092 1349 2178 ἔργον
1369 2092 1400 2155 ἐν

301 2194 453 2280 τῇμόχῃ
475 2193 665 2279 γεγένηνται.
707 2198 798 2260 τοῦτο
820 2192 937 2278 μαθοὶν
960 2191 977 2258 ό
999 2191 1150 2276 βασιλεὺς
1173 2189 1255 2279 ἄρας
1274 2195 1311 2258 ἐκ
1334 2191 1398 2260 Λέ-

303 2297 401 2377 σβου,
436 2294 516 2358 ἔνθα
545 2299 715 2381 τηνικαῦτα
737 2293 794 2380 τήν
815 2293 964 2380 ναυτικήν
997 2295 1171 2359 διανέπαυε
1193 2294 1329 2377 δύναμιν
1347 2293 1399 2356 καὶ

302 2392 342 2459 τόι
364 2394 445 2481 πρός
473 2385 660 2482 πολιορκίαν
681 2397 823 2463 Φωκέων
851 2397 1050 2462 συντείνοντα
1069 2393 1272 2480 ’ἦτοιμόζετό
1293 2419 1327 2460 τε
1348 2395 1433 2472 saliti

303 2495 546 2582 προηυτρέπιζε,
569 2497 721 2584 πλήρεσιν
751 2497 862 2573 ἱστίοις
884 2498 1030 2583 καταίρει
1059 2499 1092 2574 ἐς
1110 2494 1150 2562 τὰ
1171 2495 1264 2582 πέριξ
1282 2495 1399 2578 Ἀβόή-

304 2619 370 2682 ραν
391 2599 529 2663 ἐπίνεια·
573 2600 628 2664 καί
649 2599 799 2686 πρέσβεις
819 2601 942 2666 ἐκεῖθεν
957 2596 1200 2686 nestorianismi
1224 2604 1278 2664 τόν
1301 2599 1397 2662 Μυτ-

302 2698 399 2762 θαῖον
416 2698 582 2781 κατέχοντι
603 2699 734 2784 δέσμιον
749 2701 932 2788 Τριβαλλῷ,
951 2700 1008 2765 καί
1032 2700 1143 2788 φιλίαν
1168 2701 1244 2776 όους
1263 2698 1321 2764 καὶ
1344 2703 1398 2762 λυ-

404 3010 462 3062 Ηοσ
473 3012 617 3064 certamine
635 3012 693 3080 regi
705 3026 835 3080 prospere
851 3021 877 3065 et
886 3012 946 3066 siue
958 3011 1071 3065 vulnere
1085 3012 1170 3076 fluite,
1190 3011 1216 3062 ei
1234 3009 1309 3062 aliud
1325 3009 1399 3080 quid.
1481 2999 1482 3015 ¹

305 3075 363 3134 riam
385 3084 477 3134 evenit
495 3084 604 3134 maioris
624 3085 749 3135 momenti
772 3082 816 3135 vel
836 3084 924 3152 potius
943 3085 1057 3136 omnium
1078 3099 1146 3152 quae
1165 3081 1327 3135 moliebatur
1345 3097 1399 3132 ma-

305 3157 403 3208 ximum
426 3161 453 3204 et
470 3156 668 3222 gravissimum,
689 3162 716 3206 et
733 3155 803 3222 quod
824 3155 919 3208 melius
939 3163 966 3208 et
984 3155 1142 3218 mirabilius,
1161 3155 1221 3206 siue
1233 3154 1292 3206 ulio
1312 3152 1399 3206 labore

305 3233 495 3292 comparatum.
532 3219 619 3278 m'ediu
641 3227 709 3277 euim
729 3235 831 3279 aestate
856 3243 908 3294 qua
932 3228 1022 3294 spicae
1041 3241 1173 3278 messores
1195 3233 1222 3276 et
1241 3224 1399 3278 collectores

306 3297 478 3364 postulabant
494 3312 552 3348 cum
573 3305 697 3365 quattuor
716 3297 834 3350 miiiibus
855 3299 988 3366 equitibus
1007 3298 1040 3349 ab
1060 3299 1184 3364 Hyrcano
1204 3311 1303 3349 soceru
1324 3310 1398 3349 acea·

305 3369 358 3436 ptis
381 3377 484 3419 etcum
505 3371 603 3420 ceteris
629 3369 743 3434 imperio
764 3384 811 3421 suu
830 3370 943 3422 subditis
966 3369 1095 3422 militibus
1122 3368 1239 3420 romanis
1257 3367 1399 3421 Matthaeus

211 3449 214 3454 '
304 3453 352 3490 rex
372 3440 553 3490 Centueuseui
579 3439 649 3490 iilius
668 3441 773 3492 transiit
790 3441 928 3510 augustias
958 3441 1029 3492 circa
1049 3439 1248 3508 chrystupoiim
1270 3446 1299 3490 et
1318 3439 1399 3490 coni·
1480 3425 1481 3500 Ῐ

303 3523 370 3560 nuss
389 3509 572 3576 Philipporum
598 3511 676 3562 urbes
705 3514 836 3578 vastarit,
860 3513 982 3578 inprimis
1004 3521 1091 3563 autem
1121 3512 1249 3579 regiones
1275 3526 1345 3579 quae
1363 3509 1399 3560 his

304 3579 424 3632 confines
444 3589 506 3632 suut
524 3583 656 3634 Romanus
676 3583 779 3650 quidem
799 3584 845 3636 sed
874 3583 1008 3652 exlongo
1028 3591 1148 3651 tempore
1168 3581 1294 3634 Triballis
1313 3581 1399 3634 subdi·

303 3657 355 3704 tus.
392 3655 462 3722 quod
492 3669 570 3721 quum
596 3652 721 3705 i'ribaiius
751 3656 796 3720 qui
815 3663 904 3707 terrae
928 3655 969 3707 itti
990 3670 1022 3706 eo
1048 3663 1168 3722 tempore
1190 3649 1317 3720 praeerat
1334 3661 1359 3704 et
1374 3652 1398 3700 iu

304 3725 384 3774 armis
404 3731 460 3777 erat
479 3726 672 3793 comperisset,
696 3725 843 3778 Matthaeus
861 3742 910 3778 rex
927 3728 955 3778 ri
976 3727 1110 3794 cupiarum
1135 3739 1281 3792 oppressus
1302 3731 1330 3775 et
1346 3725 1397 3790 ipse

303 3796 382 3848 virus
403 3805 494 3864 raptus
515 3806 565 3849 est.
603 3799 673 3865 eapti
693 3805 779 3848 autem
799 3805 860 3849 sunt
880 3813 937 3850 cum
957 3812 989 3849 eo
1017 3799 1074 3850 iere
1096 3812 1188 3849 omues
1208 3797 1255 3864 qui
1275 3797 1304 3848 iu
1324 3809 1399 3862 prue-

303 3863 342 3919 liu
362 3864 450 3933 gladio
473 3884 526 3920 nou
546 3869 630 3919 occisi
652 3877 737 3920 eraut.
776 3868 826 3921 huc
844 3871 982 3932 nuntiato,
1010 3885 1059 3920 rex
1075 3867 1214 3928 confestim
1235 3865 1324 3918 Lesbo
1341 3879 1398 3934 pru-

303 3936 391 3988 iectus
410 3939 446 3990 ibi
468 3955 546 4008 quum
577 3941 668 4008 copias
687 3938 800 3991 navales
818 3941 974 4009 reliquisset
1003 3949 1029 3992 et
1047 3953 1115 4008 quau
1136 3940 1168 3990 ad
1186 3937 1398 4002 Phocaeamup·
1479 3937 1480 3942 ’

303 4011 470 4076 pugnandam
488 4011 644 4077 spectabant
663 4020 850 4078 praeparasset
872 4020 899 4063 et
913 4013 1081 4074 instituisset,
1101 4012 1187 4077 passis
1207 4008 1280 4061 veiis
1300 4008 1398 4062 navalis

302 4081 374 4130 eirca
395 4081 525 4133 Abderam
552 4083 691 4148 ingressus
722 4089 772 4146 est,
793 4091 820 4134 et
839 4083 901 4135 hinc
921 4083 1026 4150 legatos
1053 4084 1126 4133 misit
1143 4081 1174 4132 ud
1194 4080 1339 4132 iribaiium
1358 4076 1397 4146 qui

302 4153 438 4218 captivum
457 4151 565 4203 tenebat
584 4154 763 4218 ilatthaeum,
786 4163 814 4206 et
833 4170 891 4206 eum
912 4169 943 4206 eo
972 4155 1091 4206 amicitia
1109 4155 1174 4205 initu
1193 4161 1285 4204 mutua
1309 4160 1335 4202 et
1352 4165 1399 4217 pe-

302 4223 389 4276 cuniis
407 4223 476 4276 datis
494 4238 548 4278 σου
567 4226 659 4294 paucis
679 4240 737 4276 eum
756 4226 784 4280 iu
803 4234 963 4296 potestatem
976 4240 1049 4280 suam
1069 4225 1183 4294 accepit,
1204 4231 1232 4276 et
1251 4223 1325 4276 misit
1341 4235 1393 4274 eum
