2952 4902
266 315 344 388 ιοο
419 324 455 394 ,,·
539 314 796 416 mesenum
828 315 1103 388 suacensem,

137 481 157 536 f·
170 479 310 547 1341)·σδ
328 486 543 566 προσιεμένων
555 478 675 566 πολιοῦ,
697 483 819 568 προβὰς
836 487 860 524 ‘¹
882 485 1003 548 ἐκεῖθεν
1022 475 1212 564 τυραννικὴν
1233 483 1371 542 ποιεῖται

268 581 325 666 τήν
346 583 557 668 όναγόρευσιν
571 579 693 650 ἑαυτοῦ
703 611 713 630 ·
767 578 889 650 κᾶπειτ’
913 581 1176 665 ἀποτυγχάνοντα
1197 579 1253 644 καί
1272 573 1372 652 νότος
1472 583 1473 592 ’

269 685 322 750 τόν
342 685 464 764 Ἰξίονος
494 678 611 751 ἄτοπον
642 683 748 769 ἔρωτα
771 689 896 768 βλέπων
926 681 1080 768 (όπαντες
1105 681 1168 766 γόρ
1196 683 1373 768 ἀφίσταντο

267 790 323 870 τῆς
346 787 445 850 ον’τσῦ
465 790 666 871 repuncta>
690 795 911 871 προσεκαλεῖτο
939 788 1051 851 λοιπόν
1074 786 1121 847 ου’·
1135 783 1187 850 τόν
1206 787 1263 868 τῆς
1284 782 1373 866 δίκης
1472 807 1473 870 }

266 888 446 973 προστάτην
467 886 554 969 θεόν,
577 886 658 953 α’λλό
680 887 732 956 τόν
754 893 807 972 τῆς
828 889 940 953 όδίιιου
963 893 1078 969 μανίας
1099 883 1265 968 βόρβορον
1287 884 1396 964 σύμ-5

265 1012 393 1072 μσχσν,
421 987 479 1064 τός
508 987 665 1070 ἐνδήμους
694 986 815 1064 ἐκείνας
838 991 1047 1072 ἀγωνιεῖσθαι
1076 985 1212 1069 μέλλων
1224 986 1374 1074 λῃστείας

264 1091 348 1153 -ιιιιτόι
361 1093 564 1178 χρισιιανοῖν,
585 1085 633 1155 ότι
654 1094 716 1156 ruis
728 1093 852 1155 πολλῶν
871 1095 1030 1172 βασιλέων
1044 1093 1100 1169 ἐμδ
1122 1088 1373 1172 προσεταλσόνεο
1472 1075 1473 1162 J

269 1191 431 1273 διάδοχον.Ι
472 1216 525 1256 και
520 1190 662 1275 δέρους
684 1193 743 1273 μὲν
764 1187 1051 1275 ἐγκοδεζόμενον”
1031 1214 1115 1272 εχοον
1138 1189 1191 1253 τόν
1210 1187 1374 1269 βάρβαρον
1472 1177 1473 1256 J

266 1317 321 1356 και
318 1294 491 1372 πολέμιον
504 1295 622 1358 ἐκεῖνον
635 1291 774 1377 στρατόν
795 1289 897 1376 ἔκειρε
910 1291 969 1376 τὴν
982 1293 1048 1358 ταῖν
1059 1291 1227 1376 Θρᾳκικοδν
1250 1287 1373 1350 πόλεων
1472 1275 1473 1334 J

262 1395 335 1476 γῆν,
355 1395 512 1476 χειμῶνος
542 1395 578 1458 δέ
609 1395 665 1460 καί
685 1391 787 1471 τιν’τός
824 1392 950 1476 ἠρήμου
976 1391 1041 1468 τός
1064 1392 1187 1472 πόλεις,
1217 1415 1258 1452 τα
1249 1387 1371 1468 πέριξ
1383 1397 1413 1451 it)
1472 1363 1473 1472 J

269 1489 394 1559 ἅπαντα
422 1492 606 1579 ληιζόμενός
634 1519 667 1560 τε
701 1500 761 1560 καί
801 1493 1112 1579 ἀνδραποδιζόμενος
1143 1487 1222 1610 ἄχρι
1251 1491 1370 1567 πολιόν,

261 1585 372 1677 εἶφ’
350 1621 405 1675 ων,
428 1621 455 1658 ω
475 1601 515 1678 γῆ
536 1600 591 1662 κοί
613 1593 693 1680 ἥλιε,
716 1599 809 1663 οόδέν
830 1598 1033 1682 προηδικητο.
1075 1589 1185 1660 καὶ
1150 1617 1187 1658 το
1211 1596 1267 1676 τῆς
1288 1615 1369 1675 τρο·

265 1697 386 1784 γφδίσς
406 1695 607 1779 βαρύτατον,
637 1692 685 1764 ότι
712 1702 774 1763 τόν
797 1699 1011 1780 αἰχμαλώτων
1040 1696 1182 1770 ἐλεεινῶς
1205 1693 1368 1776 όγομένων

269 1795 518 1877 epitectum&
547 1802 701 1882 γαστέρας
729 1797 759 1866 οδ
781 1799 944 1883 βόρβορον
969 1797 1028 1875 τός
1056 1821 1089 1862 τε
1111 1804 1224 1878 χεῖρας
1242 1791 1370 1860 ἔαυτόν

269 1901 324 1960 καί
344 1895 418 1972 τοός
439 1897 542 1980 πόδας
562 1900 686 1981 εἰσῆγον
708 1903 804 1974 dieue
826 1903 957 1979 μετρίας
978 1900 1094 1979 εδνεκα,
1115 1895 1151 1962 τό
1175 1893 1368 1975 τιμισότατον
1380 1903 1414 1958 15

268 2001 371 2082 κτῆμα
392 2001 470 2064 θεοῦ
492 1999 547 2064 τόν
570 1997 739 2084 όνδρεοπον
753 2006 938 2088 φθείροντες
955 1993 1062 2083 ὥσπερ
1085 2002 1119 2064 ἐν
1138 1997 1271 2070 παιδιᾶς
1290 1992 1372 2076 σχέ-

268 2125 356 2182 pure
380 2096 398 2162 δ
419 2103 448 2164 δ’
470 2094 543 2166 οότε
564 2101 736 2182 ἐκάμπτετο
758 2106 883 2183 βλέπων
903 2100 962 2186 τὴν
983 2105 1047 2167 τόν
1069 2095 1246 2184 ὁμοφύλων
1269 2099 1371 2160 ἐλεει-

269 2199 327 2284 νὴν
348 2203 525 2290 τραγῳδίαν
547 2205 678 2287 ἐκείνην,
700 2197 765 2268 οὔτ’
787 2203 894 2267 εἰκόνα
915 2205 993 2286 γοῦν
1015 2199 1099 2275 τινός
1121 2200 1275 2282 βραχείας
1300 2219 1372 2281 φει-

263 2304 346 2376 ’δσός
371 2301 569 2368 ἐνετόπωσεν
604 2299 686 2380 ὅλως
714 2310 756 2392 cpi
780 2307 836 2388 τῆς
858 2307 968 2388 ψυχῆς
992 2297 1170 2379 συνειδότι,
1204 2300 1275 2362 αλλ’
1296 2297 1373 2383 ἧμι-

269 2405 389 2486 θνῆτας
418 2401 463 2468 ἐτι
496 2408 551 2470 καί
580 2401 792 2486 όσποίροντας
821 2404 956 2491 ἔφιππος
983 2404 1041 2468 καί
1071 2399 1169 2476 σότός
1199 2397 1296 2464 ἐπιόν
1320 2400 1415 2462 nulio

270 2512 453 2586 ουμπατιόν,
473 2504 529 2589 τὴν
548 2511 610 2572 τεόν
630 2511 729 2570 λίθων
755 2507 947 2592 α’ναλγρσίσν
966 2505 1106 2572 ἐντοόθό
1129 2525 1195 2576 πως
1215 2505 1375 2586 ἐφιλονεί-

274 2631 322 2672 κει
347 2613 540 2693 μιμείσθαι,
568 2605 602 2672 τό
625 2611 679 2690 τῆς
700 2610 844 2692 καρδίας,
877 2603 919 2682 οἷς
942 2606 1045 2688 ἔοικε,
1082 2604 1240 2688 θηριῶδες
1269 2601 1374 2665 σ’σκοόν

271 2707 327 2773 καί
344 2703 533 2792 γυμνάζων,
563 2708 608 2793 μὴ
642 2709 726 2798 λάθῃ
750 2707 807 2793 τόν
838 2709 902 2786 ἕξιν
923 2702 982 2792 όψέ
1009 2709 1204 2794 διαφθεῖρον
1226 2707 1281 2787 τῆς
1303 2697 1371 2786 φό-

265 3029 335 3075 tuus
354 3030 434 3076 esset.
472 3039 552 3092 quum
572 3025 643 3076 enim
671 3025 746 3077 cives
766 3026 888 3093 regimen
908 3025 965 3078 eius
991 3039 1046 3077 aon
1066 3022 1146 3076 facile
1164 3028 1320 3090 paterentur·
1338 3033 1373 3072 ec

274 3109 434 3164 progressus
463 3104 505 3149 est
528 3104 557 3147 ut
581 3111 642 3147 sese
666 3105 807 3162 tyrannum
835 3096 999 3162 declararet,
1030 3097 1078 3148 sed
1103 3095 1199 3149 deiude
1222 3109 1302 3164 quum
1326 3091 1374 3142 ni-

273 3165 312 3217 hii
333 3166 385 3219 sibi
405 3181 534 3234 prospere
555 3167 653 3218 cedere
681 3176 708 3218 et
725 3168 858 3219 Ixionis
850 3185 970 3221 insanum
990 3183 1106 3220 amorem
1133 3183 1163 3220 sa
1181 3180 1309 3218 exercere
1327 3163 1374 3215 ui-

275 3237 412 3290 disset-
431 3252 523 3289 omnes
544 3238 612 3288 euim
632 3237 665 3289 ab
685 3240 742 3290 eius
761 3241 900 3305 tyrennide
924 3240 1159 3292 abhorrebant-
1177 3237 1246 3290 alins
1265 3248 1374 3302 operam

275 3315 303 3358 et
321 3308 450 3359 auxilium
470 3308 520 3359 sibi
539 3309 663 3373 adscivit,
682 3325 736 3361 uon
763 3313 807 3362 dei
826 3313 931 3380 quidem
951 3314 1027 3363 cuius
1053 3311 1181 3362 auxilium
1200 3308 1374 3360 iustissimam

276 3384 326 3442 est,
347 3379 419 3430 sed'
412 3380 560 3462 impiissimi
580 3380 685 3432 λιοτλιττὶ
710 3381 784 3434 iilius
810 3391 839 3434 ut
857 3386 1059 3452 peregrinorum
1089 3383 1189 3449 rapinis
1208 3379 1374 3434 Christianos

275 3456 396 3513 vexaret,
418 3451 463 3516 qui
483 3453 593 3518 regibus
610 3451 700 3504 multis
720 3453 776 3505 iliis
795 3463 825 3507 ut
843 3470 895 3524 ego
919 3457 1090 3506 succederem
1110 3453 1246 3506 vciebsna
1282 3450 1375 3514 itaque

275 3528 398 3587 tempore
418 3522 522 3573 aestivo
543 3539 602 3574 cnm
621 3523 792 3576 barbarorum
811 3535 839 3578 et
857 3527 974 3578 hostium
991 3525 1099 3577 iliorum
1113 3525 1234 3576 exercitu
1246 3521 1374 3573 Thracum

274 3591 378 3643 urbium
408 3594 534 3660 regiones
559 3595 701 3662 populatus
722 3605 777 3662 est,
803 3597 890 3648 hieme
907 3606 995 3650 autem
1024 3598 1095 3662 ipsas
1114 3595 1194 3647 urbes
1213 3592 1330 3646 vastavit
1347 3595 1376 3640 et

275 3665 449 3715 circumcirca
467 3680 552 3734 usque
572 3669 602 3718 ad
623 3676 712 3734 portas
732 3677 828 3720 cuncta
846 3669 956 3735 diripuit
980 3676 1007 3720 et
1027 3667 1179 3718 homincs'
1173 3682 1200 3718 ru
1218 3664 1374 3717 servitutem

275 3734 385 3786 abduxit
402 3751 558 3804 quamquam
578 3737 670 3790 horum
689 3755 738 3806 per
756 3740 840 3792 sulem
860 3748 887 3792 et
906 3739 1093 3806 terrumcuipa
1112 3737 1189 3790 uuila
1210 3738 1306 3789 iuerat.
1327 3728 1377 3784 scd

275 3807 304 3856 in
326 3805 376 3857 hac
395 3823 475 3860 scena
491 3809 536 3861 rei
555 3811 668 3862 maxime
687 3811 848 3864 horrendum
868 3820 934 3874 emt,
955 3812 1024 3880 quod
1043 3810 1148 3862 barbari
1166 3807 1281 3876 captivis
1298 3809 1376 3870 pust-

276 3891 356 3944 φασιν
376 3879 565 3932 miserabiliter
585 3896 632 3933 ecs
649 3898 739 3933 secum
758 3891 905 3947 traxerant,
924 3891 1045 3934 ventrem
1064 3881 1217 3933 incidebant
1236 3880 1264 3930 et
1284 3887 1375 3928 manns

275 3963 338 4000 snos
366 3950 502 4018 pedesque
529 3953 675 4020 infigebant
701 3961 730 4005 ut
755 3954 944 4007 calefacerent.
991 3955 1030 4005 sic
1055 3951 1306 4021 praestantissimam
1332 3943 1377 3996 dei

276 4027 428 4072 creaturam
448 4021 582 4074 homiuem
600 4024 768 4076 trucidabant
786 4027 861 4093 quasi
879 4026 930 4078 eibi
949 4025 1026 4076 ludus
1046 4033 1126 4076 esset.
1174 4024 1376 4077 &amasenus

276 4091 383 4148 iuterim
403 4109 483 4161 quum
502 4109 610 4146 sucrum
630 4095 810 4148 miserabilem
834 4096 907 4148 iiiam
925 4098 1136 4148 internecionem
1163 4095 1269 4147 videret
1289 4089 1376 4142 animo

276 4176 331 4214 aon
352 4173 499 4218 commotus
520 4175 560 4218 est
579 4175 606 4218 et
624 4167 733 4251 pudoris
751 4183 786 4220 ne
811 4169 946 4220 minisnum
970 4169 1075 4237 quidem
1096 4167 1177 4218 smmi
1196 4159 1377 4218 conscientiae

276 4233 438 4306 impressit3
449 4237 497 4293 sed
514 4238 548 4297 ad
564 4241 714 4294 semineces
733 4241 839 4311 iamque
856 4239 1017 4310 palpitantes
1043 4255 1126 4312 eques
1147 4237 1280 4292 accedeus
1298 4233 1377 4288 etiam
