2992 4918
272 347 343 454 ,rt
594 359 819 443 nicaenonr
848 329 1076 428 caaeears

202 579 204 586 .
294 526 382 606 λαμίἰ
412 520 600 605 δοσσεβὲσιν
636 521 843 608 ἐντετύχηκας
869 519 1053 607 γράμμασιν
1084 504 1218 607 ἔνδημος
1240 516 1318 604 σύγε
1337 513 1387 600 τόν,

293 623 366 700 ὲνδς
387 625 447 709 τ’γιό
472 651 523 692 ιισι
520 625 635 690 δυοῖν
653 629 716 690 τιόν
737 628 856 690 ἐκείνου
878 629 934 692 τόν
956 625 991 688 ἐκ
1022 631 1078 688 rev*
1100 619 1215 706 σχεδόν
1235 622 1390 741 μνησθεις

295 724 565 810 απαλλόξομαι,”
549 734 590 791 ιν’
611 751 653 802 ως
676 728 709 792 εἰι
728 723 954 811 κρασπέδουτὸ
977 718 1127 812 όφασμα,
1149 726 1254 809 γνοίης
1279 717 1318 787 όν
1339 726 1390 790 κατ’

296 821 433 904 αότός”
414 852 500 904 οπως
521 833 555 894 ότι
575 831 865 914 postponebas
850 837 966 905 εκεῖνσς
990 824 1192 912 προλήψεων,
1214 846 1389 909 σπερματι-

296 932 357 1006 acic
379 927 566 1013 ἐγκειμένων
587 941 656 1007 τοϊς
680 933 951 1015 ε’κτετυφιυμέναις
972 930 1075 995 αότοῡ
1098 931 1276 1007 διανοίαις,
1291 929 1416 1008 δήμοιο

295 1027 452 1114 τοσαύτης
475 1036 585 1108 ιιαιιιάς
605 1031 621 1098 ό
642 1031 787 1107 κότιστος
810 1028 1009 1116 ἐξηρεόξατο.
1039 1033 1110 1096 ε’πεί
1128 1027 1190 1112 γόρ
1208 1029 1289 1110 μετὰ
1314 1033 1391 1090 πολ·
1482 1113 1483 1120 ρ

296 1128 368 1207 λοός
390 1157 476 1210 τινας
499 1133 637 1222 δρόμους
658 1135 713 1225 βίιρ
734 1137 789 1222 ταί
806 1133 899 1215 μόλις
919 1137 974 1216 τῆς
995 1135 1027 1208 ἐς
1050 1133 1284 1214 Θεσσαλονίκην
1304 1124 1390 1196 εἶσό-
1482 1137 1483 1218 J

296 1235 354 1298 δου
376 1233 563 1318 τετόχηιιεν,
589 1239 632 1302 εἀἷ
653 1233 792 1318 λέγειν
777 1233 877 1300 υπόσα
905 1231 1020 1299 θεόθεν
1042 1232 1174 1317 ἐδείχθη
1196 1240 1312 1316 σημεῖα
1335 1227 1390 1313 τόν
1482 1241 1483 1300 ζ

294 1332 418 1402 εἴσοδον
451 1330 641 1459 αὐτόχρημα
671 1334 787 1412 τούτου
818 1334 1016 1419 χλευάζοντα
1047 1340 1102 1400 καί
1121 1331 1389 1417 α’ποτρεπόμενα·

294 1433 363 1503 ἔστι
393 1437 454 1523 γόρ
479 1437 628 1504 ἁπάντων
660 1440 874 1522 διηγουμένων
902 1437 1030 1501 αἰιυόειν
1056 1436 1177 1518 συχνό·
1230 1436 1263 1507 ἐς
1295 1434 1332 1499 δὲ
1354 1455 1388 1498 το
1402 1440 1434 1494 10
1482 1445 1483 1514 1

295 1542 382 1605 θεῖον
405 1539 583 1622 τέμενος
551 1566 605 1623 την
626 1537 718 1626 ιερὰν
733 1543 792 1606 σόν
812 1533 920 1616 ἄλλοις
941 1536 1061 1623 ἱερευσι
1075 1541 1238 1611 τελοῦντος
1260 1539 1390 1614 θυσίαν,
1482 1571 1483 1616 η

294 1637 372 1708 κατό
406 1644 461 1724 γης
486 1644 664 1725 κενωθηναι
694 1645 811 1726 συνέβη
840 1641 878 1705 roi
910 1645 999 1724 δῶρα
1027 1643 1085 1704 rori
1105 1641 1196 1704 θείου
1226 1659 1391 1720 κρατηρυς.
1482 1627 1483 1648 ’

295 1740 420 1806 πόντων
442 1735 497 1806 σόν
519 1747 826 1829 καταπεπληγμένων
848 1746 902 1810 ἐπί
932 1747 974 1831 τῷ
997 1739 1146 1825 γεγονότι,
1170 1740 1213 1825 μη
1237 1744 1393 1824 θορυβεῖ·
1482 1731 1483 1746 ’

293 1847 376 1908 σθαι
400 1844 560 1930 παρῄνει,
583 1844 614 1910 εἶ
628 1842 686 1929 γὰρ
712 1845 746 1910 τό
769 1849 826 1910 τοῦ
848 1838 991 1928 Χριστοῦ
1003 1890 1013 1920 ,
1036 1841 1180 1929 φόσιιων,
1202 1840 1275 1906 τότε
1295 1840 1393 1923 χεθὲν

294 1935 375 2026 αἷμα
401 1953 463 2019 τοῖς
491 1946 671 2021 Ἰουδαίοις·
690 1947 964 2031 νοταπεπότηται,
997 1945 1105 2010 καινόν
1133 1944 1191 2008 oen
1213 1935 1251 2008 όν
1284 1943 1334 2025 εἴη
1358 1939 1393 2004 τὸ
1404 1953 1432 2006 15

295 2041 356 2110 όπό
374 2049 440 2112 τοῖν
459 2045 639 2132 αὐθριόιτων
669 2047 877 2133 όγιαζόμενον
907 2051 1000 2112 τοῦτο
1021 2046 1158 2128 πάσχειν
1184 2041 1288 2116 τατίτό
1311 2040 1392 2108 κατὰ

261 2151 456 2232 Θσόμβασιν
477 2150 623 2232 οότωσίν.
649 2149 817 2238 όρρῖςόἱάς
837 2152 1015 2235 προλήψεις
1036 2145 1118 2231 ἔχων
1140 2149 1174 2212 εἰι
1195 2145 1315 2211 πολλοῦ
1336 2169 1395 2208 πε-

295 2246 525 2336 privaveritis
556 2254 673 2341 τούτῳ·
719 2251 759 2316 ου’
790 2251 851 2336 γόρ
881 2249 920 2334 δη“
944 2254 1038 2332 σῶμα
1066 2251 1209 2333 γίνεσθαι
1233 2252 1288 2313 κατ’
1311 2239 1394 2327 αἷμα

299 2355 446 2434 Χριστοῦ
467 2355 534 2418 κατ’
558 2355 716 2438 α’λήθειαν
737 2351 836 2418 οἴεται
858 2351 894 2416 τό
911 2349 964 2417 διό
988 2354 1049 2416 suiv
1068 2352 1166 2416 θείων
1186 2353 1240 2432 τῆς
1262 2345 1396 2434 ἱερουρ-

295 2457 365 2534 γιάς
385 2454 491 2536 εόχιὸν
523 2455 751 2538 δγιαζόμενον,
784 2456 855 2519 αλλ’
876 2450 981 2537 ιδ’σπερ
1014 2453 1184 2539 ὑφειμένον
1207 2445 1288 2517 εἶναι
1311 2453 1434 2539 λέγεργο

241 2624 244 2628 .
296 2551 372 2618 θεόν
393 2550 446 2618 τόν
467 2552 532 2619 υἱόν
555 2560 609 2636 ιιαί
635 2559 691 2641 τῆς
713 2560 772 2620 rori
792 2555 913 2640 πατρός
943 2555 1053 2628 ου’σίας
1075 2556 1182 2638 ἕτερον
1212 2555 1246 2618 ἒν
1265 2558 1394 2624 πολλοῖς

259 2663 266 2674 ’
295 2658 358 2718 τῶν
394 2654 494 2720 aaroni
531 2653 788 2748 συγγραμμάτων
798 2704 809 2734 ,
846 2651 946 2731 σότως
975 2653 1021 2722 ἔτι
1044 2657 1101 2720 τοῦ
1129 2653 1221 2739 ἱεροῦ
1244 2653 1405 2744 συόματοςΙ

295 2751 416 2824 ἐκείνου
446 2760 537 2822 τοῦθ’
576 2758 750 2844 ὑφειμένον
792 2762 847 2825 κατ’
873 2761 976 2847 πολλῷ
1007 2757 1162 2843 διάφορον
1183 2757 1317 2830 ἐκείνου,
1339 2751 1396 2817 κατ’

295 3079 390 3145 impios
410 3076 533 3129 Paiamac
551 3077 635 3130 libros
658 3077 777 3146 legeris,
797 3077 874 3129 unius
904 3090 954 3146 ego
975 3075 1020 3127 vel
1038 3076 1148 3126 duarum
1165 3075 1253 3126 reruni
1272 3072 1393 3124 breviter

295 3149 431 3201 mentione
459 3149 529 3200 iacta
554 3149 643 3200 dicere
663 3150 804 3212 desistam,
824 3157 853 3200 ut
871 3149 946 3232 quasi
972 3163 1005 3198 ex
1025 3146 1128 3198 fimbria
1148 3153 1248 3198 textum
1267 3146 1327 3215 ipse
1346 3161 1392 3196 ra.

294 3223 395 3272 tionern
415 3234 578 3304 cognoscas,
609 3236 660 3288 qua
679 3221 730 3272 iste
756 3236 789 3270 ex
811 3221 923 3272 nefariis
950 3219 1120 3287 opinionibus
1148 3219 1235 3280 animo
1255 3212 1326 3268 fastu
1345 3224 1393 3267 tu.

295 3299 384 3342 mente
403 3291 490 3342 insitis
514 3299 593 3360 atque
621 3292 718 3344 innatis
746 3300 835 3343 tantae
863 3290 1038 3358 improbitatis
1057 3289 1154 3340 molem
1179 3288 1392 3355 improbissimus

292 3359 453 3414 evomuerit.
504 3379 582 3430 quum
604 3365 673 3415 enirn
706 3362 803 3415 multos
829 3363 954 3432 quosdam
985 3367 1046 3429 post
1069 3375 1160 3412 cursus
1184 3359 1392 3412 Thessalonicae

296 3433 432 3484 introitum
452 3431 498 3484 vix
517 3443 595 3517 atque
614 3449 696 3504 aegre
714 3444 807 3487 nactus
834 3443 914 3499 esset,
933 3435 1024 3484 omitto
1046 3434 1152 3495 dicere,
1172 3439 1269 3500 quanta
1288 3432 1391 3484 divini.

296 3513 337 3556 tus
358 3505 418 3556 data
436 3506 489 3557 sint
509 3507 585 3574 signa
603 3507 739 3558 introitum
766 3508 822 3559 eius
832 3509 927 3558 statim
953 3505 1101 3558 desidentia
1129 3513 1209 3572 atque
1228 3504 1404 3568 aversantis.-

295 3577 322 3627 id
342 3577 411 3627 enim
435 3593 469 3628 ex
486 3579 604 3629 cuiusvis
623 3593 746 3630 sermone
765 3579 851 3644 accipi
869 3585 965 3644 potest.
1004 3592 1082 3643 quurn
1102 3591 1184 3639 vero,
1205 3589 1237 3625 eo
1252 3576 1279 3626 in
1297 3583 1391 3626 sancto

294 3646 474 3714 tempiocunr
492 3651 589 3701 ceteris
614 3648 796 3702 sacerdotibus
827 3651 942 3701 divinam
966 3665 1024 3706 rern¹
1042 3649 1172 3711 iaciente,
1199 3646 1343 3710 accideret,
1363 3653 1393 3696 ut

296 3721 366 3771 sacri
396 3719 488 3771 calicis
514 3721 582 3772 dona
609 3722 635 3772 in
661 3729 758 3773 terrarn
788 3721 986 3772 effunderentur
1012 3735 1156 3786 omnesque
1182 3717 1216 3769 ob
1239 3717 1307 3768 hane
1335 3733 1392 3770 reni

298 3799 388 3842 essent
408 3791 568 3858 stupefacti,
599 3794 656 3860 ipse
679 3793 750 3844 bono
778 3806 823 3845 eos
852 3794 939 3844 anirno
969 3805 1028 3844 esse
1056 3791 1130 3842 iubet
1149 3792 1255 3852 dicens,
1284 3789 1306 3841 si
1327 3788 1391 3839 olirn

296 3861 396 3914 Christi
416 3865 523 3931 sanguis
542 3863 666 3930 proiusus
694 3864 727 3914 ab
745 3863 1047 3916 Iudaeisconcnicatus
1067 3863 1122 3924 sii,
1140 3877 1195 3914 non
1214 3877 1278 3912 sane
1297 3860 1391 3910 mirum

298 3949 368 3996 esse,
389 3935 412 3986 si
431 3935 499 3985 idern
519 3935 581 3986 huic
599 3937 723 4004 sanguini
740 3937 773 3987 ab
792 3935 942 3987 hominibus
971 3943 1127 3986 consecrato
1154 3935 1194 3985 sic
1213 3932 1323 3984 fortuito
1344 3947 1392 3980 ac.

297 4005 375 4058 sidat.
413 4007 508 4072 vides,
534 4006 657 4074 qualibus
683 4009 734 4058 iarn
754 4008 797 4059 din
816 4007 986 4074 opinionibus
1012 4008 1115 4058 deditus
1142 4007 1219 4056 etiarn
1244 4004 1392 4055 inhaere

296 4077 519 4144 deprehendatur.
538 4093 592 4129 non
611 4080 680 4129 enirn
697 4093 792 4145 panem
812 4088 890 4147 atque
911 4080 1000 4129 vinurn
1020 4079 1118 4130 sanctis
1140 4077 1305 4128 sacerdotum
1326 4091 1391 4142 pre.

297 4149 371 4200 cibus
390 4158 573 4201 consecratam
590 4165 683 4202 verurn
703 4165 799 4217 corpus
820 4161 846 4202 et
864 4151 1019 4218 sanguinem
1033 4149 1130 4202 Christi
1144 4149 1202 4200 fieri
1221 4147 1315 4210 credit,
1334 4147 1391 4209 scd,

299 4229 329 4273 ut
345 4222 428 4274 filium
457 4222 612 4288 inieriorern
638 4223 715 4274 deunr
742 4239 801 4275 esse
833 4232 859 4273 et
884 4239 898 4272 a
926 4223 1008 4288 patris
1032 4222 1178 4272 substantia
1206 4220 1341 4271 diversum
1366 4220 1391 4268 in

296 4293 386 4354 inuitis
404 4307 513 4350 suorum
530 4293 658 4347 librorum
678 4296 751 4360 dicit,
770 4296 806 4346 ita
826 4295 905 4346 etiarn
924 4293 1008 4344 hocce
1028 4293 1139 4344 inferius
1160 4307 1219 4344 esse
1232 4297 1325 4346 sancto
1345 4289 1392 4342 illo
