2992 4918
251 375 472 445 meronmu
503 375 763 444 nuzlnrmla
782 381 878 445 xxv.
904 363 970 449 ta.
994 337 1061 448 λλ.
1157 375 1205 446 37

106 542 165 605 τόν
186 538 283 626 ἱεροῦν
318 541 437 623 βίβλων
459 546 521 606 τόν
550 535 647 607 θείων
667 548 813 628 πατέρων
848 547 987 628 ἐλέγχειν
1021 549 1089 609 κατ’
1118 540 1205 627 ἴχνος

102 639 251 718 ’ἐπιόντας
265 635 410 723 όπαντας

204 742 275 808 Καί
295 741 415 827 μὲνδὴ
444 746 566 809 τοιαῦτ’
594 748 643 811 ἐπ’
674 749 756 827 ἐμοῦ
786 751 984 832 συνείροντος
1014 749 1272 833 τοῦσοφοῦιί

106 849 155 908 καί
177 847 351 930 θεοφιλοῦς
371 846 395 883 “
423 843 542 910 ἐκείνου
565 846 695 932 α’νδρός,
726 851 782 912 καί
801 852 931 931 βίβλους
955 852 982 914 δ’
1005 847 1344 932 e'm'orsnpo.l·10³b·

81 945 286 1024 5κομίζοντος
318 940 354 1021 ός
382 969 416 1008 τε
449 946 547 1023 αότός
570 948 750 1033 φιλοπόνως
780 947 814 1013 ἐκ
842 949 944 1035 πόσης
980 949 1205 1035 ἐρανισόμενος

105 1049 193 1119 θείας
212 1051 342 1130 γραφῆς
366 1042 447 1112 όπλα
469 1059 535 1124 τοῖς
553 1052 621 1114 ἐκεῖ
638 1053 742 1124 καλοός
762 1051 906 1131 εόσεβείν
928 1047 1131 1134 αἱρουμένοις
1142 1075 1205 1133 χα-

104 1147 234 1228 ρίζεται,
257 1149 313 1211 καί
334 1146 372 1221 ῦς
393 1146 494 1232 ἐτεροι
515 1153 577 1214 τεόν
598 1155 668 1215 ἐκεῖ
683 1151 938 1232 προσοικούντων
952 1154 1125 1235 ἐλλογίμων
1147 1151 1206 1214 όν-

104 1249 188 1328 δροόν
211 1245 396 1330 όρθοδόξων
425 1247 636 1331 όκδεδοόκασι,
652 1261 734 1326 ταῖς
761 1253 818 1315 τοῦ
842 1255 987 1334 Παλαμοῖ
1008 1252 1206 1327 κακοδοξίαις

104 1350 290 1432 περιφανοῦς
315 1348 539 1434 ἐπιλέγοντες,
563 1352 654 1435 λόγος
683 1359 715 1430 ἐς
737 1352 792 1427 τός
815 1357 877 1417 τεόν
903 1356 1059 1437 Κυπρίων
1084 1353 1206 1432 ἐμπίπ-

65 1463 200 1516 loram
219 1446 319 1524 α’κοός
340 1449 382 1525 οῦς
403 1446 498 1514 λόθοι
533 1453 654 1539 νύκτωρ
677 1453 898 1538 παρεισελθών
930 1454 962 1527 ἐς
984 1451 1165 1530 Βυζόντιον
1188 1449 1206 1514 ό

101 1546 254 1630 βασιλεύς
277 1552 564 1640 Καντακουζηυός,
594 1558 650 1620 καί
676 1553 734 1640 την
764 1554 999 1637 αὐτοκράτορος
1019 1558 1084 1618 ἓλοι
1107 1559 1205 1636 βασι-

102 1653 188 1714 λειάν
209 1656 395 1736 συνεργίαις
418 1658 473 1719 καί
495 1657 640 1741 δολεραῖς
659 1661 716 1722 τοῦ
730 1661 881 1739 Παλαμῦ
901 1655 1205 1740 προκαταστόσεσιν,

102 1747 216 1832 όρκους
238 1751 411 1838 φρικώδεις
435 1753 572 1840 ἐχέγγυα
596 1761 748 1843 πρότερον
763 1760 850 1848 αύτῷ
870 1758 1125 1842 παρασχόμενος,
1146 1763 1204 1840 βε-

103 1856 216 1931 βαιοῦν
238 1857 294 1917 καί
314 1859 432 1936 κυροῦν
460 1857 517 1939 τὴν
542 1861 641 1924 αῦτοῦ
665 1862 838 1924 πολυθελαν
869 1859 923 1924 κατ’
942 1853 1002 1926 όσα
1022 1863 1085 1924 τοῖν
1106 1857 1205 1945 βεβὴ-
1250 1912 1256 1919 ,

64 1963 94 2018 15
104 1959 164 2018 λων
185 1954 288 2019 αότοῦ
309 1962 526 2042 καινοφωνιοῦν
552 1959 700 2045 εἰσερρύη
734 1961 814 2026 κατοὶ
836 1963 892 2046 τῆς
913 1966 971 2026 τοῦ
991 1965 1072 2026 θεοῦ
1092 1965 1204 2046 ἐκκλη-

103 2059 189 2136 σίας,
219 2053 337 2120 ταύτόν
365 2058 393 2120 δ’
415 2059 534 2146 εἰπεῖν,
564 2062 609 2137 είς
641 2059 717 2125 θεόν
748 2061 923 2145 όμωμοκοός
951 2057 987 2126 όν
1008 2061 1205 2143 ἐξόμνυσθαι
1258 2073 1266 2081 ’

101 2158 317 2240 ἐπηγγέλλετο.
361 2161 456 2224 τοῦτο
477 2161 627 2248 σφοδραῖς
654 2161 709 2226 τόν
731 2166 834 2248 σοφόν
858 2161 975 2230 ἐκεῖνον
997 2158 1125 2248 ἧνίασεν
1148 2160 1206 2228 ἄν·

101 2257 173 2341 δρα,
187 2259 219 2321 Γ
216 2254 351 2340 εεόργιον
363 2256 416 2325 τόν
428 2266 595 2347 Λαπίθην,
620 2263 681 2346 ούχ
702 2256 749 2328 ότι
771 2263 827 2348 τη“υ
845 2268 1012 2347 βασιλείαν
1033 2267 1097 2328 ἓλοι
1110 2269 1206 2330 Καν-

100 2357 308 2442 τακουζηνός,
332 2361 401 2426 α’λλί
426 2357 476 2426 ότι
496 2358 649 2440 τοιούτοις
671 2362 775 2448 όρκυις
796 2369 1051 2450 προκατείληπτο,
1076 2367 1205 2446 δέσμιος

57 2462 91 2516 2⁰
100 2467 173 2532 ταῖς
202 2463 262 2522 τοῦ
285 2466 433 2543 Παλαμῦ
459 2461 593 2548 γεγονός
612 2469 834 2549 ,δυσσεβείαις
881 2460 956 2531 ὅθεν
976 2464 1034 2541 τός
1064 2469 1206 2549 γενναίας

101 2560 225 2634 ἐκείνας
241 2563 370 2640 ἐλπίδας
393 2563 512 2630 οδτωσί
534 2567 741 2650 ζημιούμενος
757 2565 794 2632 σί
806 2565 841 2632 τό
857 2567 1011 2652 ἡδόμενον
1027 2565 1157 2647 ἔβοσκον
1171 2569 1205 2631 ἐκ

100 2665 223 2724 πολλοῦ
249 2665 305 2750 τῆς
325 2668 451 2748 ψυχῆς,
473 2663 649 2760 ἤσχαλλεν,
671 2667 863 2755 ἐδυσφόρει,
893 2665 1035 2751 θόρυβον
1063 2664 1129 2751 εἶχε
1151 2671 1207 2733 καί

100 2757 201 2826 σόλον
225 2767 429 2832 παντοδαπόν
449 2769 483 2831 ἐν
503 2771 604 2856 ψυχῇ.
648 2763 759 2854 ἤλπιζε
778 2767 838 2852 γόρ
856 2772 1098 2834 συνεκπλεύσειν
1121 2771 1205 2832 ἐκεῖ·

100 3087 157 3156 qui‚
177 3099 259 3156 quum
279 3085 366 3137 omnia
388 3100 422 3136 ex
441 3085 524 3138 sacris
543 3086 682 3153 scripturis
694 3091 797 3153 patrum
817 3090 966 3137 sauctorum
976 3099 1025 3153 per
1038 3083 1204 3152 singulare.

101 3159 182 3227 stigio
201 3157 342 3208 confutare
362 3155 463 3208 liceat?

200 3249 270 3300 Dum
289 3245 354 3298 talia
371 3246 436 3298 mibi
456 3247 541 3299 refert
559 3247 601 3299 vir
618 3245 668 3297 ille
683 3248 895 3312 sapientissimus
916 3247 1021 3316 deoque
1042 3246 1204 3312 carissimus,

102 3334 153 3370 nec
172 3333 229 3372 non
248 3318 379 3369 interdum
397 3317 480 3371 libros
494 3326 626 3386 apportat,
647 3333 726 3386 quum
746 3333 812 3386 quos
831 3320 889 3386 ipse
915 3318 998 3370 multo
1031 3333 1090 3369 cum
1115 3319 1203 3373 studio

104 3405 137 3441 ex
154 3399 212 3442 tota
231 3389 363 3456 scriptura
382 3405 457 3441 sacra
476 3389 590 3458 collegit
609 3397 635 3440 et
653 3405 701 3456 pro
722 3391 800 3440 armis
826 3391 877 3456 piis
897 3389 1062 3455 bominibus,
1082 3389 1127 3458 qui
1145 3388 1206 3440 illic

102 3461 240 3524 incolunt,
261 3461 452 3527 suppeditavit,
470 3469 524 3513 tum
544 3477 610 3529 quos
629 3461 677 3512 alii
696 3460 761 3512 clari
781 3468 860 3527 atque
880 3460 1021 3512 orthodoxi
1039 3460 1205 3513 insulaeviri

104 3535 195 3601 pravis
214 3531 338 3584 Palamae
358 3533 529 3600 opinionibus
549 3533 690 3585 manifesto
715 3530 836 3584 oblocuti
855 3532 1012 3598 ediderunt,
1032 3546 1121 3583 rumor
1139 3547 1206 3598 per.

106 3606 189 3657 femur
209 3604 242 3656 ad
262 3603 387 3671 Cyprios,
408 3604 622 3658 Cantacuuenum
640 3606 827 3671 imperatorem
845 3611 927 3654 noctu
953 3603 1020 3655 clam
1045 3604 1205 3670 Byzantium

105 3679 256 3745 ingressum
277 3689 424 3742 occupasse
445 3677 622 3744 principatum
643 3675 750 3727 auxiliis
771 3682 797 3725 et
807 3673 947 3728 fallacibus
955 3675 1205 3744 praeparationibus

104 3748 236 3811 Palamse,
257 3749 300 3798 cui
320 3756 398 3800 antea
415 3745 553 3800 horribilis
580 3746 751 3799 iurisiurandi
776 3747 890 3814 pignore
914 3762 974 3799 sese
1002 3747 1204 3811 obstrinxisset,

104 3820 146 3871 vel
160 3821 232 3888 quod
250 3819 321 3870 idem
340 3828 379 3871 est
397 3834 445 3885 per
456 3821 532 3871 deum
546 3821 669 3883 iurasset,
687 3834 763 3887 quem
783 3819 887 3868 eiurare
899 3818 1082 3885 profitebatur,
1093 3835 1123 3870 se
1136 3832 1205 3870 eon.

104 3894 264 3944 firmaturum
286 3906 346 3942 esse
365 3899 444 3957 atque
462 3891 624 3943 sanciturum
645 3889 850 3957 polytheismum
870 3905 1015 3958 omnesque
1034 3891 1092 3942 eius
1111 3889 1204 3958 prola.

104 3980 147 4016 uas
167 3972 251 4032 atque
272 3961 439 4029 irreligiosas
458 3963 604 4024 novitates,
625 3963 740 4030 quaein
759 3961 802 4013 dei
823 3961 965 4014 ecclesiam
977 3962 1095 4014 intrusae
1104 3969 1204 4014 essent.

104 4036 150 4088 boc
170 4035 294 4102 Georgia
314 4033 454 4100 lapithae,
475 4033 670 4101 sapientissimo
690 4034 770 4096 viro,
790 4047 910 4100 magnam
937 4033 1030 4084 iniecit
1048 4033 1204 4095 tristitiam,

104 4125 150 4160 uon
170 4109 244 4176 quod
266 4106 470 4160 Cantacuuenus
489 4105 665 4173 principatum
685 4111 852 4171 occupasset,
872 4105 918 4156 sed
938 4105 1008 4172 quod
1026 4103 1074 4154 tali
1101 4104 1205 4155 lurein.

105 4181 179 4233 rando
202 4179 332 4233 Palamae
352 4176 481 4242 impietati
499 4175 619 4228 addictus
638 4184 786 4228 teneretur.
825 4191 906 4243 quare
925 4174 1203 4242 apraeclaraillaspe

103 4253 230 4319 deiectus,
251 4263 324 4318 quae
345 4246 390 4296 diu
409 4247 460 4297 ianr
479 4249 574 4299 mentis
593 4246 721 4300 laetitiam
740 4244 838 4312 alebat,
858 4262 939 4315 aegre
960 4247 1022 4299 tulit
1034 4245 1204 4316 indignatio.

103 4342 167 4392 uem,
187 4326 283 4378 animo
311 4317 397 4370 turbis
421 4318 520 4388 agitato
538 4313 672 4388 marisque
698 4320 781 4370 instar
801 4325 947 4371 aestuante.
989 4317 1113 4392 sperabat
1136 4313 1205 4372 eninr
