2992 4918
263 321 496 394 ursronmn
525 305 1019 392 ermeneumata
1144 311 1194 388 tt

99 488 155 550 τῶν
175 489 269 550 θείων
293 477 443 574 γραφῶν.
493 485 584 572 ἔργον
606 484 667 571 γδρ
692 487 791 551 αδτοῦ
821 483 1073 552 σπουδαιότατον
1094 480 1195 565 μα’λι-
1276 475 1282 490 ’

101 611 155 650 στα
183 587 306 666 πάντων
339 587 443 671 ἱεραῖς
482 587 659 673 ἐκκλησίαις
700 589 949 669 ἀθροιζομένους
980 582 1194 668 Χριστιανοιλς

101 684 253 752 διδάσκειν
278 691 316 754 τοὶ
339 713 374 754 τε
407 684 488 755 ἄλλα
520 693 576 772 τῆς
608 691 770 769 εὐσεβείας
803 685 946 769 νόμιμα,
975 692 1030 750 καί
1057 684 1138 768 πρός
1159 707 1194 768 γι

103 792 254 871 φροντίδα
278 797 443 856 ποιεῖσθαι
463 794 524 855 τῶν
546 794 703 872 δεομένων
716 788 873 872 μεγίστην,
894 787 938 863 oi<
958 781 1039 852 εἶναι
1054 789 1094 850 δι’
1113 787 1196 849 ἐκεῖ·

76 893 155 951 ὄνον
176 891 277 954 πᾶσαν
300 892 419 976 ἐκείνην
443 889 500 974 την
519 892 615 974 νῆσον
630 890 720 956 ἐλέου
742 893 798 955 καί
817 892 947 964 πίστεως
970 883 1121 966 στάδιον,
1141 883 1196 950 καί

100 987 234 1066 μάλιστα
269 990 396 1056 πάντων
430 992 645 1074 αἰχμαλώτων
673 990 870 1071 ἐλευθερίαν.
921 991 987 1053 εἰσί
1004 1011 1039 1070 γε
1057 985 1122 1068 μὴν
1141 987 1231 1055 καίῡ

103 1085 137 1151 αἱ
160 1093 213 1152 τοῦ
232 1090 329 1174 ῥηγὸς
351 1093 425 1175 περί
444 1091 518 1166 τούς
549 1092 667 1166 τόπους
698 1094 836 1164 ἐκείνους
858 1087 1007 1163 ἐπαύλεις
1030 1087 1084 1153 καί
1107 1091 1193 1152 δίαι-

102 1213 171 1270 ται,
201 1190 251 1254 καί
281 1191 315 1256 αἱ
357 1196 417 1256 τοῖν
455 1189 549 1258 οἴκων
585 1195 704 1257 ἐκείνου
735 1189 950 1274 λαμπρότητες
983 1193 1066 1253 πάνυ
1100 1189 1196 1254 καλαί

106 1287 158 1350 διὰ
180 1288 211 1352 τὸ
239 1295 446 1377 χαριέστερον
474 1286 555 1356 εἶναι
584 1295 638 1376 τῆς
668 1288 766 1374 νήσου
796 1288 829 1356 ιδ
853 1295 949 1370 μέρος
981 1293 1080 1354 ἐκεῖνο
1101 1283 1194 1371 ίίιρὸς

68 1398 140 1452 idve
162 1393 246 1455 ἓνεκα
279 1393 333 1456 καί
363 1389 431 1474 ἅμα
462 1397 583 1470 θέσεως
604 1388 698 1477 ἄλλης
731 1391 784 1456 καί
804 1387 969 1478 ῥαθυμιάς
996 1393 1059 1455 τῶν
1080 1389 1192 1458 τόπων.
1276 1397 1278 1400 ’

108 1488 155 1553 διδ
179 1495 232 1556 κοίκ
254 1495 312 1556 τοῦ
339 1493 453 1576 σχεδὸν
482 1493 632 1582 ἐσεφοίτα
661 1491 750 1574 δαμιέ
775 1498 851 1574 παρ’
881 1490 980 1557 aicit
1003 1486 1020 1556 ὃ
1042 1492 1195 1575 Λαπίθης

109 1595 137 1654 Γ
135 1593 273 1680 εοίργιος,
311 1594 366 1662 καί
395 1595 523 1682 σφόδρα
562 1598 678 1683 κομιδῇ
705 1599 821 1678 πολλῆς
849 1595 990 1665 α’πέλοιυε
1021 1597 1076 1680 τῆς
1108 1591 1199 1678 (ipre-2

110 1699 161 1776 της
181 1695 283 1772 αἰδοῦς
315 1701 371 1762 καί
390 1699 483 1781 τιμῆς
503 1698 557 1762 διά
582 1723 616 1762 τε
643 1697 700 1781 την
731 1691 829 1780 ἄλλην
851 1694 1038 1782 σεμνότητα,
1074 1701 1128 1761 καί
1158 1690 1196 1779 ἢν
1231 1739 1239 1754 1

111 1793 239 1878 ἐκέκτητο
257 1794 398 1875 μάλιστα
422 1800 548 1864 πάντων
570 1799 701 1884 σοφίαν,
725 1797 795 1861 ἐπεί
814 1797 867 1890 καί
888 1796 983 1872 αιίτὸς
1006 1800 1046 1862 ου’
1060 1800 1196 1880 μετρίως

71 1893 163 1974 15τῆς
173 1898 315 1962 Λατίνων
336 1903 471 1982 μετέσχε
487 1889 679 1985 φιλοσοφίας
700 1899 716 1963 o‘
737 1896 806 1984 ῥηξ,
828 1903 883 1964 καί
899 1902 939 1962 δι’
962 1898 1042 1964 oded
1058 1923 1091 1982 γε
1106 1897 1197 1962 τουτί

111 1995 232 2072 πολλοὺς
253 2001 311 2079 μὲν
335 2001 417 2085 ἄμφ’
440 2001 539 2065 αὑτὸν
561 2000 793 2075 ταδςΛατίνων
813 1994 879 2083 εἶχε
901 1999 1023 2087 σοφοδς
1045 1997 1113 2080 αἐί,
1136 1990 1197 2081 ἦρα

110 2097 273 2178 δὲμᾶλλον
303 2105 359 2185 τῆς
384 2105 414 2166 Γ
412 2101 546 2185 εωργίου
577 2100 699 2185 μούσης
728 2106 780 2167 καί
807 2101 951 2183 ὁμιλίας·
1005 2100 1102 2187 σοφοί
1120 2097 1194 2183 γάρ,
1267 2185 1276 2196 .

109 2200 190 2282 φησί,
212 2200 360 2286 τιν’ρανναι
381 2204 492 2287 σοφῶν
514 2202 678 2290 συνουσίᾳ.
723 2199 805 2286 ἔχων
827 2195 884 2267 οὖν
900 2199 1000 2267 ου’τδν
1015 2199 1100 2286 ἐχειν
1124 2196 1198 2262 ἐπέ-

106 2323 207 2365 πειστο
233 2305 288 2368 καί
308 2305 425 2388 σοφίαν
456 2302 535 2370 nard
573 2304 692 2370 ταδτδν
724 2299 889 2390 ἑκατέροιν,
919 2301 975 2386 τήν
996 2300 1200 2386 τεἛλληνοιν

69 2399 187 2484 νοφημί
205 2405 261 2466 καί
282 2405 453 2468 Λατίνων·
506 2407 607 2484 δεξιός
639 2403 699 2490 γοὶρ
729 2409 762 2470 ἐν
793 2413 857 2482 τοῖς
887 2401 1027 2486 μάλιστα
1053 2409 1108 2467 καί
1129 2402 1201 2466 καθ’

104 2496 253 2584 ἑκατέραν
276 2509 394 2590 σοφίαν
416 2510 469 2570 καί
486 2509 626 2588 γλῶτταν
649 2505 841 2591 δΓεοίργιος
865 2499 911 2590 η’ν.
956 2505 1054 2594 ταύτῃ
1080 2528 1126 2568 τοι
1149 2505 1203 2568 καί

105 2603 204 2688 η’δέοος
225 2606 329 2690 αὐτοῦ
357 2600 472 2688 ἥκουσι
505 2609 730 2691 διαλεγομένου
752 2606 857 2691 συχνοὶ
887 2616 949 2683 τοῖς
970 2609 1121 2673 Λατίνων
1141 2624 1200 2669 σο-

105 2901 160 2937 rern
179 2892 282 2953 partem
300 2886 334 2938 ud
353 2901 445 2938 cerum
469 2888 605 2942 conferret
624 2887 776 2941 libertatem
795 2895 822 2939 et
840 2886 909 2938 ulios
934 2891 1027 2937 sacrat
1049 2885 1201 2952 scripturae*

107 2957 256 3025 praeceptis
285 2958 479 3011 adhortaretur.
524 2959 697 3028 praecipuum
722 2959 792 3011 euim
821 2967 847 3010 et
870 2958 1010 3008 maximum
1034 2957 1149 3008 studium
1174 2958 1202 3008 in
1231 2987 1235 3001 ι

106 3042 139 3080 eo
164 3028 334 3096 collocabat,
361 3038 389 3081 ut
415 3031 579 3085 Christianos
604 3032 632 3082 iu
656 3033 739 3083 sacris
766 3030 891 3082 ecclesiis
920 3035 1097 3096 congregatos
1124 3041 1203 3095 quum

108 3099 173 3152 alias
192 3100 334 3168 religionis
349 3102 425 3170 leges
445 3103 562 3167 doceret,
582 3111 636 3154 tum
656 3104 769 3155 maxime
782 3107 923 3165 moneret,
941 3100 1066 3168 inopibus
1085 3113 1204 3152 summo.

109 3187 172 3239 pere
193 3173 409 3240 prospiciendum
430 3183 456 3225 et
474 3175 667 3240 providendum
687 3191 756 3226 esse.
795 3189 877 3242 quare
897 3173 994 3224 iactum
1015 3180 1069 3236 est,
1094 3179 1125 3223 ut
1146 3172 1203 3224 eins

109 3258 189 3310 opera
209 3251 266 3295 tota
286 3244 374 3297 insula
394 3247 595 3297 misericordiae
614 3247 773 3314 atqueiidei
795 3247 870 3314 quasi
889 3243 1022 3311 palaestra
1042 3251 1131 3310 pateat
1148 3243 1203 3294 ibi.

110 3330 159 3383 que
176 3317 337 3368 maximasit
348 3318 512 3383 captivorum
524 3316 643 3368 libertas.
663 3319 690 3369 iu
708 3317 763 3369 iliis
783 3316 851 3369 locis
870 3324 931 3368 sunt
951 3317 1028 3367 etiam
1040 3316 1112 3384 regis
1122 3329 1204 3383 prae.

110 3387 151 3436 dia
172 3388 305 3455 sedesque
324 3395 404 3456 atque
423 3388 654 3455 splendidissimae
674 3390 731 3440 eius
751 3397 777 3440 et
796 3387 991 3456 pulcherrimae
1010 3388 1109 3452 aedes,
1134 3385 1205 3454 quod

111 3456 157 3508 ilia
175 3473 237 3524 pars
257 3459 362 3510 insulae
383 3462 539 3511 amoeniore
560 3460 657 3528 gaudet
676 3461 746 3511 aeris
765 3461 895 3527 temperie
916 3467 942 3509 et
959 3459 1116 3510 iucundiore
1141 3459 1203 3510 situ.

111 3530 234 3597 quocirca
257 3530 414 3599 frequenter
433 3547 466 3583 ex
487 3533 637 3600 propinquo
657 3532 688 3582 ad
709 3547 768 3582 eum
787 3530 912 3584 veniebat
932 3529 1204 3598 GeorgiusLapithes‚

112 3599 154 3666 qui
172 3617 273 3653 summa
291 3601 362 3669 apud
381 3619 439 3654 eum
454 3605 609 3655 reverentia
628 3610 707 3670 atque
726 3602 829 3655 honore
844 3601 980 3654 fruebatur
999 3617 1077 3669 quum
1097 3608 1206 3669 propter

110 3671 262 3738 dignitatem
280 3682 336 3724 tum
355 3683 463 3742 propter
481 3676 647 3742 sapientiam,
667 3689 718 3742 qua
735 3677 849 3726 omnium
868 3674 1127 3740 maximepraeditus
1138 3681 1203 3724 erat.

111 3758 156 3794 rex
175 3745 256 3796 etiam
276 3747 336 3813 ipse
355 3746 526 3814 philosophia
547 3747 699 3798 Latinorum
719 3745 787 3797 haud
807 3746 978 3797 mediocriter
998 3752 1055 3797 erat
1072 3745 1205 3808 imbutus}

111 3813 154 3866 sed
181 3831 340 3884 quamquam
373 3833 404 3869 eu
429 3819 460 3869 de
486 3833 565 3870 causa
591 3833 696 3885 semper
721 3816 848 3883 plurimos
870 3818 1029 3884 sapientium
1054 3817 1205 3869 Latinorum

110 3886 204 3938 circum
223 3904 254 3940 se
274 3887 398 3952 habebat,
417 3890 501 3957 magis
520 3897 607 3941 tamen
625 3888 806 3941 delectabatur
817 3888 926 3956 Georgii
945 3887 1109 3940 humanitate
1126 3895 1205 3955 atque

112 3961 312 4012 cousuetudine.
334 3961 486 4026 „sapientes
505 3962 583 4026 enim,
603 3961 699 4029 inquit,
718 3962 823 4027 tyranni
842 3961 1000 4026 sapientium
1019 3960 1205 4010 commercio.“

114 4043 168 4080 euru
186 4032 272 4098 igitur
291 4045 372 4098 quum
394 4047 482 4084 secum
501 4032 623 4097 haberet,
642 4033 769 4084 adductus
790 4041 840 4096 est,
859 4041 889 4083 ut
899 4039 1039 4099 utramque
1048 4032 1149 4098 pariter
1160 4045 1207 4081 aa.

114 4101 235 4165 pientiam
258 4101 311 4154 sibi
333 4110 449 4168 pararet,
467 4104 627 4156 Graecorum
647 4102 753 4156 scilicet
771 4112 797 4155 et
814 4103 975 4156 Latinorum.
995 4103 1126 4172 Georgius
1137 4104 1207 4154 enim

110 4173 285 4236 peritissimus
309 4181 368 4224 erut
386 4175 523 4242 utriusque
541 4175 690 4242 sapientiae
709 4190 740 4226 ac
758 4174 876 4244 linguae.
906 4190 987 4243 quare
1007 4174 1130 4226 audiebat
1148 4187 1207 4224 eum

110 4244 291 4300 terlubenter
310 4259 401 4296 coram
421 4261 450 4297 se
468 4261 549 4315 saepe
570 4248 748 4315 disputantem
768 4262 828 4298 curn
846 4246 1010 4314 sapientibus
1019 4247 1128 4309 Latinis,
1141 4257 1208 4313 quoe
