2880 4910
214 411 435 489 amomon
464 415 720 486 suzannam:
739 407 834 486 xxx'.
861 357 1048 487 stlta.
1107 409 1180 487 309

104 589 147 652 ναί
163 593 266 670 ψιλοῖς
286 586 451 668 λατρεύειν
472 582 638 666 δνόμασιν,
661 581 754 649 inum
775 581 831 651 κατ’
858 579 933 658 νοός
960 584 1015 667 τῆς
1034 563 1180 650 Πλατω-

11 671 13 766 ᾗ
102 690 173 772 νινῆς
192 688 286 761 στοᾶς
301 691 356 750 καί
375 684 571 770 Ἀκαδημίας
606 681 787 770 φάσκοντας
817 681 910 764 ἴσμεν
932 689 1009 767 περί
1029 707 1063 749 τε
1082 685 1182 768 γενοδνΙ

11 781 12 792 ’
101 787 143 850 καί
154 789 256 865 εἰδῶν,
281 789 335 854 tat
355 786 387 849 εἴ
400 809 483 861 τινες
498 781 559 850 εἶεν
580 789 615 850 ἐκ
636 787 697 849 τοῖν
719 777 849 869 ὕστερον
865 777 971 849 ἄλλοτ’
994 777 1097 861 ἄλλως
1119 785 1182 848 uv'-

100 895 152 962 τοίς
173 877 433 971 ηἰιολονθηκόταον
453 887 637 968 Βογομιλων
668 887 722 948 καί
753 883 950 966 manipulus
979 889 1034 948 καί
1058 889 1182 950 Μασαν-

11 967 13 990 Ῑ
81 989 200 1051 ὅλιανιόν
220 991 276 1053 καί
287 987 504 1072 Εόνομιαναῖν,
530 980 584 1060 οὓς
608 986 662 1049 καί
683 987 729 1060 εἰς
752 983 833 1068 μέγα
845 989 1067 1070 παραπληξιάς
1081 982 1181 1050 itati-

11 1073 13 1126 ό
100 1109 150 1150 νειν
180 1085 196 1150 ό
231 1089 331 1171 μέγας
363 1091 443 1172 φησί
473 1086 642 1162 Βασιλειος
669 1080 780 1168 ,οἷόσπερ
811 1083 971 1168 κοινότητα
1000 1109 1071 1149 τινα
1101 1084 1182 1173 λόγρι

11 1207 13 1348 ό

11 1349 12 1388 ι

98 1185 169 1274 μόνιρ
189 1186 372 1271 θεαρητὴν,
408 1184 441 1250 όν
463 1187 595 1274 ου’δεμίρι
617 1185 788 1250 δποστοόσει
810 1181 843 1248 τό
863 1177 944 1247 εἶναι
964 1181 1113 1266 ἔχουσαν,
1136 1187 1305 1262 sictona

98 1283 128 1349 τό
148 1282 334 1368 όποιιείμενα
367 1293 563 1368 θεωρεῖσθαι
585 1287 767 1372 φάσκοντας
796 1282 849 1350 τόν
869 1285 954 1347 θεόν.
997 1286 1065 1350 ἀλλ’
1087 1279 1183 1350 {noos

11 1439 12 1460 ,
98 1385 191 1450 λοιπόν
219 1395 256 1450 τί
286 1413 384 1474 φησιν
411 1383 509 1465 αὖθις
540 1383 557 1450 ό
581 1385 676 1464 αὐτός
709 1393 808 1470 μέγας
830 1383 1000 1461 Βασίλειος
1030 1389 1182 1470 περὶτῆς

69 1482 238 1575 λδένεργείας
260 1491 339 1552 θεοῦ
360 1492 414 1570 τῆς
437 1488 596 1569 οἴκτιστον,
618 1487 661 1562 ὥς
683 1483 736 1550 int
755 1489 809 1568 τῆς
839 1481 940 1569 ἇπλῆς
971 1490 1026 1551 καί
1047 1483 1181 1566 ἀσωμά-

11 1605 12 1614 ’
97 1609 141 1650 ιον
163 1590 289 1675 φύσεως
311 1592 367 1653 τόν
389 1588 485 1654 τιν’τόν
507 1591 598 1672 λόγον
619 1586 798 1670 ἐπιδέχεται
819 1588 994 1672 ἦένέργεια
1013 1592 1051 1674 τῇ
1073 1587 1178 1674 ον’σέᾳ.

181 1691 262 1754 Ἐπεί
281 1688 349 1754 δ”ό
370 1694 424 1775 τῆς
446 1685 556 1764 οόσίας
577 1683 650 1772 ὅρος
677 1690 731 1753 καί
759 1687 855 1772 λόγος
876 1686 1002 1774 (ταότόν
1022 1685 1083 1771 γόρ
1107 1682 1246 1772 όροςὸθ

96 1793 141 1852 κατ’
160 1790 261 1875 λόγος)
281 1791 420 1874 ’πρᾶγμά
445 1787 531 1854 ἐστιν
562 1790 802 1874 αόδόπαρκτον,
831 1787 876 1875 μὴ
900 1787 1051 1871 δεόμενον
1071 1785 1181 1874 ἑτέρον

96 1890 163 1972 πρὸς
183 1885 336 1975 όπαρξιν,
363 1885 410 1977 εἴη
439 1885 477 1956 ἰόν
507 1894 630 1968 πάντας
659 1895 713 1956 καί
746 1889 761 1954 ό
784 1895 840 1974 τῆς
863 1895 1020 1976 ἐνεργείας
1051 1888 1180 1974 λόγοςό
1289 1886 1294 1900 ’

65 2004 88 2059 15
96 1990 190 2073 ον’τός,
209 1988 268 2074 κόζγ
287 2002 352 2069 τοῖς
365 1990 500 2072 ὀνόμασι
521 1994 711 2077 διαφέρωσι,
724 1995 864 2077 Ιπροῖγμα
879 1989 1106 2076 αόθόπαρκτον
1121 1993 1181 2076 δη·
1205 2059 1214 2074 Γ
1235 2040 1251 2082 ¹3

95 2090 255 2177 λαδὴ,«μη“
289 2094 440 2174 δεόμενον
471 2088 580 2177 ἑτέρου
603 2089 681 2177 πρός
702 2087 846 2176 ὕπαρξιν.
899 2082 985 2156 οότοο
1005 2090 1066 2175 γὰρ
1089 2095 1144 2157 κατ’
1161 2091 1179 2155 ό

95 2196 143 2275 τῆς
162 2194 347 2280 ταυτότηεος
369 2193 506 2272 σοόζεται
530 2193 641 2278 λόγος,
664 2194 707 2268 οἷς
730 2197 784 2257 καί
805 2193 821 2258 ό
851 2195 908 2276 τῆς
928 2196 1082 2277 α’ληθειάς
1103 2189 1181 2275 ὃμο-

95 2294 210 2378 λογητῆς
234 2293 404 2381 σοφώτατα
426 2292 670 2380 μεμαρτύρηκε,
695 2291 857 2378 Θεόδωρος
881 2293 898 2358 o‘
921 2297 953 2360 Γ
951 2293 1084 2378 ραπεός,
1099 2291 1181 2358 “οέό-

94 2388 149 2470 ’τως
169 2387 225 2461 όν”
244 2398 350 2482 φήσας
368 2395 527 2478 ιἐὐσεβῶς
543 2399 670 2482 νοηθείη
690 2392 711 2480 ἦ
732 2396 791 2478 μὲν
804 2399 877 2460 θεία
900 2398 1041 2479 ἐνέργεια
1065 2396 1182 2474 ἀίδιος,
1236 2459 1239 2472 ,

62 2498 203 2574 λλμόλλον
231 2497 260 2592 δ’
291 2497 515 2580 αότενέργεια,
546 2499 588 2586 τρῖ
622 2496 667 2580 μὴ
701 2500 873 2578 διωρίσθαι
905 2499 960 2580 τῆς
991 2491 1102 2572 οόσίας
1123 2495 1181 2581 την

96 2596 263 2682 ἐνέργειαν,
293 2597 372 2662 ἀλλὰ
405 2594 459 2662 τόν
483 2595 581 2664 αὐτόν
613 2600 703 2682 λόγον
735 2600 942 2680 ἐπιδέχεσθαι
962 2595 1025 2684 [διὰ
1047 2598 1104 2680 τὴν
1125 2600 1181 2680 τῆς

96 2693 186 2782 ἁπλῆς
204 2703 260 2764 καί
280 2699 452 2781 α’σωμότοα
487 2699 615 2786 φόσειος
636 2698 812 2786 ι’διότητα.”
865 2701 921 2764 καί
940 2699 1035 2764 πόλιν
1052 2697 1182 2796 “ἓτερον

92 2973 143 3054 'nou
160 3005 207 3068 est,
227 3009 254 3055 et
271 3001 343 3055 nuda
357 3002 469 3054 nomina
488 3001 571 3068 colas,
591 3001 681 3071 qualia
700 3001 778 3054 etiam
791 2999 946 3056 Platonicos
966 3009 993 3054 et
1004 2967 1189 3058 Academicos

97 3073 177 3126 dicere
195 3075 292 3127 scimus
312 3075 345 3126 de
362 3073 507 3142 generibus
527 3080 554 3126 et
572 3073 682 3138 soumis,
709 3074 775 3125 etsi
793 3075 839 3142 qui
858 3082 920 3127 sunt
940 3090 974 3125 ex
992 3075 1044 3137 iis,
1064 3071 1109 3141 qui
1128 3089 1181 3140 po..
1291 3129 1295 3136 .

22 3172 28 3183 ·
98 3151 146 3195 ntea
163 3145 227 3198 alias
253 3145 334 3197 aliter
354 3161 400 3198 eos
426 3145 532 3213 sequuti
550 3154 634 3212 sunt,
653 3144 801 3215 Bogomilis
829 3145 951 3198 nimirum
972 3153 999 3196 et
1018 3143 1180 3198 manichaeis

99 3223 121 3264 et
137 3217 283 3269 Masalianis
313 3224 340 3268 et
357 3215 545 3282 Eunomianis‚
573 3233 639 3286 quos
665 3219 743 3268 etiam
771 3233 867 3286 magna
894 3218 997 3269 insania
1024 3215 1181 3284 perturbare

97 3285 153 3338 dicit
169 3303 278 3356 magnus
289 3287 405 3340 Basilius
425 3296 547 3356 tanquam
567 3304 706 3340 commune
721 3305 806 3358 genus
824 3289 965 3357 quoddam,
985 3290 1055 3357 quod
1075 3289 1181 3340 ratione

98 3357 148 3408 sota
163 3360 278 3426 perspici
298 3361 391 3424 possit,
411 3361 438 3410 iu
457 3359 533 3411 nulla
552 3360 699 3412 substantia
719 3362 860 3413 essentiam
879 3360 995 3425 habeat,
1014 3376 1072 3412 caim
1091 3360 1181 3414 dicant

98 3427 165 3478 deum
183 3431 209 3480 in
227 3431 374 3496 suppositis
392 3432 520 3498 perspici.
558 3432 604 3482 sed
624 3433 740 3498 accipias
760 3433 811 3483 iam
831 3431 893 3500 quid
912 3433 982 3484 dicat
1001 3447 1091 3500 rupsus
1110 3432 1179 3483 idem

98 3497 201 3552 Basilius
219 3516 330 3569 magnus
359 3501 392 3552 de
412 3501 556 3554 efficientia
575 3503 618 3554 dei
641 3505 775 3555 increata:
795 3504 821 3554 in
841 3503 957 3570 simplici
977 3513 1003 3557 et
1021 3505 1181 3572 incorporea

97 3578 180 3622 natura
201 3573 310 3624 eandem
330 3588 388 3623 oum
409 3573 524 3625 essentia
541 3574 670 3624 rationem
691 3575 790 3641 accipit
809 3575 962 3638 efficientia

188 3669 317 3734 Quoniam
335 3677 423 3721 autem
443 3671 576 3722 essentiae
595 3670 714 3722 definitio
735 3678 761 3721 et
779 3672 847 3723 ratio
867 3671 951 3739 (idem
971 3672 1041 3724 enim
1059 3671 1179 3724 definitio

100 3743 122 3786 et
137 3739 213 3808 ratio)
242 3757 286 3792 res
316 3749 356 3792 est
381 3740 563 3793 substantialis
588 3757 656 3810 quae
682 3756 736 3793 non
764 3751 842 3808 egeat
869 3742 923 3794 alia
948 3743 980 3794 ad
999 3743 1180 3807 substantiam,

100 3810 195 3861 omuino
213 3827 268 3863 non
283 3819 373 3877 potest
405 3828 464 3864 esse
484 3814 562 3863 etiam
582 3813 744 3865 efficientiae
767 3815 836 3867 ratio
855 3829 910 3865 non
936 3815 1026 3866 eadem
1055 3816 1133 3866 etiam
1152 3815 1180 3866 in

99 3881 237 3934 nominihus
258 3883 383 3946 diversis,
402 3899 445 3935 res
464 3885 586 3936 nimirum
605 3885 789 3936 substantiatis
813 3901 882 3953 quae
906 3899 960 3937 non
979 3893 1059 3954 egeat
1076 3885 1129 3938 alia
1148 3887 1180 3938 ad
1270 3905 1274 3926 ·

100 3949 274 4004 substantiam:
294 3955 331 4005 ita
351 3955 420 4005 enim
432 3957 510 4006 etiam
523 3956 639 4007 eiusdem
653 3957 761 4024 generis
773 3957 842 4022 natio¹
860 3964 991 4020 servatur,
1011 3957 1082 4025 quod
1101 3961 1180 4009 etiam

100 4022 210 4076 veritatis
228 4024 367 4076 confessor
386 4026 582 4093 sapientissime
602 4034 713 4080 testatus
738 4021 778 4078 est
794 4028 948 4081 Theodotus
967 4028 1098 4098 Graptus,
1121 4044 1180 4080 cum

100 4090 169 4172 dicat,
188 4095 239 4146 hoe
258 4096 335 4146 modo
356 4098 400 4162 pie
420 4098 533 4164 cogitari
561 4106 642 4168 puto:
669 4099 759 4151 divina
778 4099 923 4152 efficientia
952 4108 992 4150 est
1010 4101 1181 4165 sempiterna,

100 4175 150 4242 νινε
168 4168 254 4231 potius
274 4168 504 4234 imitationum,
524 4165 651 4236 quianon
671 4170 795 4222 distincta
815 4180 855 4224 est
874 4171 906 4222 ab
926 4171 1041 4224 essentia
1057 4171 1181 4224 efficien-

101 4237 141 4296 tia,
162 4237 205 4287 sed
228 4239 337 4289 eandem
357 4240 487 4290 rationem
507 4241 606 4308 accipit
618 4249 727 4308 propter
747 4242 876 4309 simplicis
891 4249 918 4294 et
935 4243 1110 4308 incorporeas
1130 4255 1181 4293 na.

101 4307 171 4358 turae
190 4309 392 4376 proprietatem.
431 4319 457 4364 et
475 4326 566 4366 rursus
581 4311 726 4366 aliudesse
746 4314 901 4378 essentiam,
922 4312 994 4368 aliud
1013 4311 1182 4368 efficientiam

1004 4539 1016 4567 Ι
