2926 4906
314 311 391 398 tos
496 397 510 416 ,
613 326 839 398 memnoni
868 325 1100 396 caroccio

314 491 432 580 όροῖται
446 488 489 570 rig
508 488 675 578 φιλότιμος
689 489 766 575 περὶ
781 487 838 574 τὴν
855 490 950 556 θείαν
971 487 1084 554 ούσίαν
1094 486 1252 570 Εὐσέβιος,
1263 483 1375 574 ἀφθονίᾳ

312 591 519 660 ἀποστάσεων
538 589 708 675 πληθύνων
721 591 778 655 καί
797 587 901 670 αὔξων
925 590 966 655 rai
989 590 1175 674 ἀπλὴθοντα
1194 586 1247 654 καὶ
1266 587 1376 670 σ’μειλπο

275 681 283 698 ’
313 695 370 759 καί
390 693 495 777 πόσης
520 696 576 775 τῆς
604 689 754 758 όπωσοῦν
780 690 927 778 ἀφέσεως
948 687 970 776 ἢ
991 693 1193 772 πλεονασμοῦ
1212 691 1377 754 παντάπασιν
1434 679 1435 718 i

314 792 513 859 ἀνοπιλλικτα.
531 793 561 856 εἰ
585 793 621 856 δὲ
643 794 688 868 εἰς
701 791 758 876 τὴν
777 794 836 856 τοῦ
858 790 954 876 λόγου
976 795 1172 876 σογχεθεῖσα
1189 790 1243 854 καί
1263 780 1319 852 οἷον
1334 813 1377 851 σο-

312 895 533 958 νοοσιωθεῖσα
553 893 720 976 παρῆλθεν
741 888 929 968 ἀπόστασιν,
949 887 1032 974 μετὰ
1052 891 1196 967 πλείονος
1214 891 1267 972 τῆς
1285 887 1392 970 τόμον-5

311 990 452 1077 μοσύνης
473 989 660 1078 προσθήκην
691 991 746 1055 καί
765 985 897 1075 αὔξησιν
916 993 958 1078 τῇ
981 991 1156 1075 τοῦλόγου
1178 988 1258 1074 αύτῇ
1276 987 1379 1052 δίδωσιν
1435 1025 1436 1070 η

311 1089 504 1158 ἀποστάσει·
548 1089 616 1176 ἥτις
630 1090 694 1198 ἱούκ
717 1087 797 1176 ἀλλη
815 1088 905 1176 παρὰ
931 1089 988 1175 τὴν
1005 1093 1063 1156 τοῦ
1084 1087 1205 1176 πατρός
1224 1088 1324 1154 ούσίαν
1340 1085 1379 1149 καί
1435 1077 1436 1104 ³

314 1192 410 1280 φύσιν
442 1189 530 1271 ἐστί,
562 1193 610 1279 τῷ
637 1193 921 1279 χαρακτηριστικῷ
945 1194 1001 1276 τῆς
1033 1192 1187 1274 ἰδιότητος
1215 1189 1304 1272 μόνον
1320 1183 1380 1251 κατὰ

245 1292 369 1378 Ιῦτήν
397 1291 540 1380 γέννησιν
570 1293 784 1381 διαφέρουσα.
824 1296 957 1360 τοιαῦτα
988 1295 1047 1378 μὲν
1076 1292 1118 1359 τὰ
1143 1296 1178 1360 ἐκ
1208 1294 1268 1356 τῶν
1285 1289 1378 1354 ἐκείνου

276 1465 282 1477 ,
315 1394 426 1481 ἀρχῶν
447 1393 650 1481 ἀναφανέντα
680 1393 797 1459 ἔκτοπα
820 1396 877 1461 καί
898 1397 1083 1480 παράλογα,
1113 1396 1143 1459 εί
1162 1392 1198 1460 τό
1223 1395 1288 1479 φῶς
1305 1393 1403 1456 ἐκείνολῠ

180 1493 347 1562 accrevi
371 1491 509 1582 ἄρρητον
529 1493 642 1561 ούσίαν
669 1488 753 1560 εἶναι
781 1495 887 1581 λέγοι·
931 1493 1105 1561 όπόλοιπον
1133 1499 1162 1562 δ’
1189 1489 1244 1561 ούν
1264 1493 1324 1558 ἐστέ
1341 1493 1378 1573 ζη-

311 1583 386 1672 τεῖν,
405 1596 434 1659 εἰ
455 1594 607 1679 ποιότητα
637 1595 727 1660 τοῦτο
762 1595 931 1680 ἀσοόματον
966 1591 1155 1681 ἢάνούσιον
1177 1591 1254 1674 εἶπε,
1273 1595 1304 1660 τί
1320 1616 1378 1672 cvp-

311 1696 426 1781 βαίνει,
450 1686 517 1760 οἷον
541 1693 718 1782 ἀπόρροιόν
748 1711 833 1772 τινος
855 1695 967 1773 ούσίας
999 1697 1055 1761 καί
1077 1695 1284 1782 ἀπαύγασμα,
1303 1694 1338 1768 οἷς
1353 1687 1378 1772 ἢν

311 1793 466 1882 ἧμορφὴ
495 1795 598 1880 ἐκείνη
630 1795 874 1882 μεταβέβληται.
928 1797 996 1861 ἀλλ’
1018 1796 1110 1864 ούδὲν
1145 1790 1239 1882 ἧττον
1257 1794 1277 1880 ἦ
1297 1794 1378 1858 ποσόν

311 1895 431 1980 ἀσχότη
465 1893 558 1981 ύβρις
578 1895 635 1960 καί
664 1895 781 1961 ἀτοπία
801 1899 848 1984 τῷ
868 1900 947 1984 θτίγ
979 1903 1247 1985 προστετρύμεται
1271 1893 1398 1976 σόματι·15

310 1996 491 2081 λωβήσαιτσ
514 1994 575 2082 γὰρ
600 1993 639 2060 ἀν
658 1995 713 2062 τόν
733 1999 789 2061 τού
812 1991 895 2063 εἶναι
916 1997 1025 2082 λόγον·
1077 1999 1134 2064 καί
1155 1999 1254 2084 ταύτῃ
1277 1994 1309 2060 τό
1329 1989 1373 2056 ἀνί

310 2119 451 2182 παρκτον
481 2097 732 2183 είσαχθὴσετσι,
763 2095 868 2176 ἄλλως
898 2123 932 2164 τε
962 2099 1036 2164 οὐδὲ
1064 2098 1134 2165 ἐνόν
1160 2097 1307 2183 ποιότητα
1325 2092 1370 2158 o‘rt·

310 2195 456 2280 κειμένου
482 2197 559 2278 δίχα
579 2201 655 2262 καθ’
677 2191 794 2283 ἑαυτὴν
816 2196 835 2264 ό
854 2224 886 2264 τι
907 2199 984 2264 ποτέ
1004 2201 1072 2266 ἐστι
1095 2201 1324 2283 ἀναδειχθῆναι,
1340 2187 1375 2257 ait

309 2298 373 2362 τῶν
394 2291 560 2363 ούσιωόῶν
582 2296 681 2382 αὐτὴν
702 2296 787 2364 εἴποι
806 2324 873 2378 τις,
892 2297 914 2384 ἢ
941 2300 998 2366 καί
1018 2301 1051 2376 ἐς
1079 2299 1191 2376 οὐσίας
1211 2298 1303 2384 μέρος
1324 2290 1376 2358 tvl-

311 2421 421 2484 γοται·
453 2396 496 2475 ὥς
516 2398 570 2464 ἐπέ
588 2399 849 2486 παραδείγματος
871 2402 980 2480 εἰπεῖν,
1003 2400 1059 2465 οὐκ
1083 2395 1121 2466 ἀν
1144 2399 1181 2466 τὰ
1205 2397 1318 2485 λογικόν
1334 2395 1403 2458 moll

310 2498 451 2582 συσταίη
472 2495 681 2582 ἀποκειμένου
706 2494 781 2564 ἄνευ
793 2547 803 2578 ,
834 2497 941 2566 ὅέστι
969 2499 1007 2566 τό
1030 2503 1120 2582 ζῶον,
1142 2501 1172 2564 εἰ
1193 2498 1239 2585 μὴ
1261 2489 1377 2584 πρότερόν

310 2621 359 2676 τις
379 2595 533 2664 ἀποθοῖτο
554 2598 667 2664 οάσίαν
689 2597 838 2682 ἔμψυχον
860 2601 1059 2688 αἰσθητικήν.

241 2723 300 2780 η
403 2697 473 2766 Ὅτι
492 2700 552 2784 μὲν
570 2693 627 2764 σύν
647 2699 984 2786 τοῖςεέκονομιίχοιςῆ
1001 2699 1309 2788 μεταμόρφωσιςτοῧ
1326 2713 1372 2758 ⁰⁰³·

307 2802 405 2889 τῆρος
427 2799 482 2867 tui
499 2824 557 2866 τον
576 2797 673 2889 όροος
695 2799 732 2866 ού
752 2805 883 2890 μορφῆς
911 2803 1080 2880 ἀλλοίωσις
1099 2803 1154 2868 ἐπὶ
1171 2801 1209 2870 τό
1234 2793 1375 2886 λαμπρόν-

311 3083 338 3130 at
356 3083 456 3145 sugast
474 3069 543 3145 qnae
559 3075 653 3146 angeri
672 3089 726 3128 non
745 3074 812 3128 licet
829 3091 881 3130 nec
895 3076 980 3130 minni
1000 3082 1027 3131 et
1045 3092 1114 3146 qnae
1132 3075 1234 3130 nnllam
1247 3068 1380 3130 corrrctio-

308 3164 370 3204 nem
392 3156 437 3201 ant
457 3146 642 3214 pleonasmnm
656 3147 804 3200 admittunt.
844 3149 885 3200 ein
903 3163 970 3200 vero
990 3149 1017 3200 in
1033 3149 1109 3202 verbi
1130 3148 1298 3201 substantiam
1314 3151 1381 3194 tram

309 3219 370 3274 luta
389 3226 429 3274 est
448 3225 476 3271 ct
501 3213 766 3284 transsirbetantiate‚
796 3234 877 3286 porro
903 3218 1122 3272 benevolentiam
1148 3220 1225 3273 verbi
1248 3211 1382 3272 subsanio

309 3291 391 3354 addit,
415 3305 484 3360 quaa
515 3289 607 3342 cadem
633 3290 702 3357 apud
729 3290 811 3357 patris
840 3291 981 3342 essentiam
1011 3299 1060 3344 est.
1106 3290 1193 3342 solum
1225 3287 1351 3358 pativitata
1364 3285 1384 3328 ut

310 3362 420 3431 propria
446 3361 611 3428 proprietate
637 3361 754 3414 diversa.
796 3359 861 3414 talia
892 3377 927 3414 ex
954 3359 1028 3414 illine
1047 3362 1187 3429 principiis
1214 3366 1318 3424 recepta
1340 3355 1384 3406 sunl

309 3433 401 3499 inepta
423 3441 450 3486 et
469 3429 591 3494 absurda,
611 3432 633 3484 si
651 3431 740 3484 lucem
758 3431 833 3484 illam
851 3431 985 3484 iniandana
1006 3433 1148 3484 essentiam
1164 3448 1226 3486 esse
1244 3435 1321 3498 putat.
1351 3439 1383 3474 11·

309 3502 411 3571 liqnnm
433 3509 475 3556 est
495 3517 635 3570 quaerere,
654 3503 714 3556 aive
733 3503 887 3572 qualitatem
907 3502 975 3555 hanc
994 3504 1191 3570 incorpoream,
1205 3503 1267 3560 sire
1285 3500 1383 3550 inesset·

309 3573 401 3627 tialcm
423 3572 508 3636 dixit,
524 3573 588 3641 qnid
606 3573 738 3626 attineat?
781 3582 857 3626 csmc
874 3573 1001 3640 splendor
1026 3574 1058 3626 ab
1078 3575 1196 3628 carentia
1217 3571 1304 3640 aliquo
1320 3563 1383 3618 delu-

311 3651 379 3708 ctus,
401 3644 429 3696 in
448 3659 527 3711 quem
546 3643 630 3696 forma
649 3643 697 3696 illa
720 3646 855 3696 immutata
875 3652 925 3698 eet.
962 3645 1009 3698 sed
1027 3644 1200 3698 nihilominus
1232 3642 1337 3694 omnium
1353 3631 1383 3684 ul·

309 3715 375 3768 tima
393 3714 519 3784 snperbia
541 3722 568 3766 et
586 3715 734 3768 absurditas
752 3715 844 3767 divino
864 3718 971 3783 corpori
997 3716 1123 3768 adhibila.
1161 3715 1260 3782 poterit
1277 3705 1383 3762 essentirt

310 3785 421 3838 verbum
442 3784 605 3838 contumelio
623 3786 747 3851 ailccre,
764 3801 817 3854 qao
833 3787 1005 3840 induceretur
1018 3785 1232 3840 insubstantiale.
1268 3781 1330 3834 alias
1345 3786 1383 3826 nt·

309 3855 377 3908 licet
401 3856 559 3925 ¹qualitatem
581 3857 704 3910 subiecto
729 3857 835 3910 sablato
868 3873 917 3925 pcr
936 3860 1000 3926 qaid
1018 3860 1054 3910 sit
1071 3855 1262 3919 demonrtrari‚
1281 3844 1383 3913 erripuit

310 3927 483 3980 urentiatcn
512 3929 591 3980 dicat
634 3943 702 3996 quae
732 3931 760 3980 in
788 3930 921 3982 essentiae
946 3938 1047 3996 partem
1065 3929 1212 3995 recipitnr;
1232 3933 1266 3980 nt
1283 3913 1383 3996 exempli

309 4005 378 4062 utar,
398 3997 488 4066 logion
510 4006 581 4051 stare
600 4013 654 4052 non
672 4001 791 4066 poterit,
825 3999 883 4051 rina
902 4000 1044 4065 subiecto,
1066 4001 1136 4066 qnod
1152 4007 1193 4051 est
1209 3995 1331 4055 animans,
1346 3997 1383 4038 1111

308 4069 369 4138 quis
388 4076 467 4120 antea
486 4069 596 4122 vitalem
611 4077 638 4121 et
656 4069 810 4123 censualem
829 4072 970 4125 carentiam
986 4070 1167 4140 proposuerit.

378 4166 472 4236 ltaque
488 4166 671 4222 iconomachis
690 4166 834 4220 salvatoris
852 4169 880 4219 in
899 4175 989 4221 monta
1006 4169 1262 4235 transfigurationem
1274 4174 1325 4215 non
1341 4155 1383 4206 lor·

307 4252 367 4302 arao
380 4237 558 4298 variationem
568 4238 597 4290 in
613 4236 822 4308 splendidiorem
833 4241 932 4312 putari,
948 4240 996 4296 sod
1015 4240 1183 4298 srlrrifcrun
1202 4249 1297 4334 corpm
1313 4226 1383 4282 iris·
