2992 4916
201 350 422 420 nrsroumn
439 349 695 416 nrzrurruln
722 352 875 416 xxxvrr.
899 335 1082 419 13-17.
1141 345 1212 416 ser

111 515 169 602 τήν
196 515 248 580 ἀεί
278 515 489 601 στρεφόμενοι
522 512 577 578 καί
607 503 856 598 περιειλοόμενοι
873 513 1046 598 λοιδορίαν.
1087 515 1120 579 έν
1152 511 1213 601 γὰρ

113 623 184 691 ταῖς
204 617 260 698 τῆς
280 616 358 699 ἐμῆς
373 614 606 699 πατριαρχείας
627 615 726 678 πάλαι
746 613 862 698 ἀρχαῖς
885 614 938 678 ἐπί
955 617 1012 697 τῆς
1026 617 1213 679 Καντακου-

116 721 211 802 ζηνοῦ
232 717 420 799 βασιλείας,
457 715 532 802 πρίν
571 714 644 780 όλον
663 715 782 799 ἐξήκειν
804 713 888 792 ἔτος,
911 712 1100 802 όβρίστριαν
1122 713 1214 780 dull·
1243 771 1247 783 .

116 841 229 894 σαντες
250 820 389 903 γλῶτταν
412 816 467 882 καί
496 816 579 880 πάνυ
600 819 736 901 βαρεῖαν
766 814 846 880 κατὰ
866 818 923 900 τῆς
942 813 1099 903 ἡμετέρας
1119 815 1215 900 τόχης

88 917 332 1003 όέπενεγκόντες
352 917 467 1002 ταότην
482 941 539 1000 μοι
573 916 628 1002 τήν
656 914 874 1000 Μασαλιανήν
908 919 941 981 ἐν
964 917 1101 1003 προέτοις
1122 917 1214 1004 ᾐτιό-

115 1043 212 1085 σαντο
235 1017 373 1105 αἵρεσιν·
429 1019 485 1082 καί
505 1018 588 1098 τάχα
611 1014 656 1082 ἀν’
670 1041 712 1100 με
732 1020 795 1081 τῶν
823 1019 1064 1102 πατριαρχικῶν
1083 1020 1216 1085 τουτωνί

114 1123 286 1204 τηνικαῦτα
309 1118 435 1204 θρόνων
456 1120 513 1183 σὺν
537 1118 675 1207 ἀκοσμίᾳ
697 1117 841 1195 ἐξώθουν
853 1166 862 1195 ,
885 1119 914 1181 εἰ
934 1116 980 1201 μή
999 1117 1072 1195 τοὺς
1093 1119 1216 1196 κοινοὺς

114 1223 172 1304 τής
194 1223 277 1305 ἐμῆς
297 1245 329 1284 τε
352 1220 407 1284 καί
429 1223 521 1305 σφῶν
545 1221 739 1305 ἀρτιφανοῦς
761 1215 927 1302 ἐκκλησίας
949 1218 1120 1301 πολεμίους
1142 1220 1215 1284 αἰσ-

116 1320 250 1404 θόμενοι
272 1323 463 1404 βοηθοῦντες
487 1323 520 1399 ἐξ
551 1320 704 1395 ἀπονοίας
733 1318 919 1398 ἀπέσχοντο.
969 1320 1025 1385 καί
1046 1319 1137 1384 τοῦτο
1156 1320 1216 1402 μὲν
1225 1319 1282 1372 ¹⁸

72 1433 107 1487 te
117 1424 244 1507 πρῶτον
266 1421 295 1486 οἱ
311 1422 495 1506 sardonicos·
506 1422 562 1486 καί
580 1420 772 1499 κακόσχολοι
794 1417 875 1482 κατὰ
904 1423 960 1503 τῆς
982 1421 1060 1504 ἐμῆς
1081 1420 1214 1498 ἐξόπλι-

116 1546 178 1586 σαν
201 1525 362 1608 κεφαλῆς·
412 1521 557 1609 δεότερον
580 1525 608 1586 d'
633 1521 679 1586 ἐτι
701 1521 756 1585 καί
777 1521 875 1586 πλείω
899 1520 1099 1605 συνείροντες
1120 1522 1215 1607 ἕτερα

114 1625 157 1708 τῇ
178 1622 306 1709 τοιαότῃ
335 1624 397 1686 τῶν
418 1624 645 1687 Μασαλιανῶν
675 1615 774 1698 αὖθις.
793 1619 934 1707 αἱρέσει,
958 1622 1019 1692 ,καί
1038 1620 1213 1704 μανικώτε-

118 1747 174 1807 ρον
197 1729 265 1786 κατ’
288 1723 367 1804 ἐμοῦ
390 1722 578 1807 κινηθέντες,
600 1725 654 1807 τῆς
668 1723 901 1808 πατριαρχείας
924 1723 1080 1804 ἐξήλασαν
1099 1721 1214 1799 τέλεον,

115 1826 169 1888 ἵνα
189 1824 235 1908 μὴ
257 1823 337 1909 λέγω
361 1824 416 1887 καί
438 1822 537 1888 αὐτοῦ
557 1829 668 1908 γετοῦ
692 1827 758 1908 ζῆν,
779 1824 814 1888 τό
828 1846 862 1907 γε
886 1823 930 1898 εἰς
954 1821 1067 1898 αὖτοὺς
1085 1814 1168 1907 ἧκον·
1194 1819 1215 1906 ἦ

71 1944 104 1996 15
115 1923 179 2011 γὰρ
197 1925 257 2007 ἐμή
279 1922 359 2009 πρός
378 1922 412 1989 τό
437 1925 467 1988 Γ
468 1925 673 2008 αλατιόνομον
696 1926 850 2011 φρούριον
871 1927 934 1989 τοῖν
957 1925 1106 2007 Acriter
1128 1947 1213 2008 τηνι-

115 2027 218 2089 καῦτα
237 2025 381 2108 λαθραία
406 2024 491 2110 φυγή
512 2024 568 2100 τάς
590 2024 669 2108 ἐμόις
691 2027 724 2089 ἐν
755 2032 820 2099 τοῖς
844 2027 924 2104 ζῶσι
944 2023 1112 2109 τετήρηκεν
1136 2019 1215 2108 ἀχρι

118 2125 177 2189 καί
206 2127 239 2200 ἐς
260 2124 333 2188 τόδε
358 2125 465 2200 τινοός.
516 2126 586 2189 ἐπεί
618 2127 652 2190 δὲ
673 2128 729 2192 καί
758 2127 790 2201 ἐς
815 2125 947 2189 Τένεδον
980 2123 1155 2210 ἀφιγμένον
1173 2148 1214 2206 με

117 2228 209 2313 παρὰ
229 2226 367 2309 βασιλέα
383 2224 437 2290 τὸν
457 2227 685 2312 Παλαιολόγον
706 2224 960 2310 ἐμεμαθήκεσαν,
984 2225 1051 2290 οὐδ’
1065 2225 1213 2289 ’ἐνταῦθα

118 2326 296 2413 ἠρέμησαν,
320 2325 400 2390 ἀλλά
424 2330 464 2392 δι’
488 2329 661 2392 ἐπιστολῶν
693 2329 749 2392 καί
780 2327 924 2411 κηρύκων
951 2324 1134 2410 ἀναθέμασι
1154 2349 1212 2387 κα-

67 2426 313 2508 οοθυπέβαλον,
336 2427 391 2491 καί
423 2425 498 2492 αότὸ
530 2428 887 2512 προκαταλαμβάνοντες
912 2425 948 2492 τό
969 2422 1044 2514 όρος
1066 2426 1213 2491 κάκεῖθεν
1307 2421 1308 2424 “

68 2529 70 2534 ’
119 2525 324 2610 ἀπήλαυνον,
357 2527 413 2592 καί
442 2525 484 2606 ἀς
515 2527 733 2593 Μασαλιανὸν
769 2527 972 2612 ἐξεκήρυττον
1002 2524 1214 2608 πανταχόθεν.

115 2629 174 2691 τοῦ
198 2628 232 2690 δὲ
253 2625 412 2708 βασιλέως
426 2624 497 2713 ἀρτι
517 2626 573 2713 τήν
595 2630 750 2714 πατρῳάν
774 2626 979 2713 ἀνειληφότας
1000 2627 1110 2714 ἀρχήν,
1133 2623 1214 2707 6μοῦ
1227 2628 1278 2683 Η

117 2727 343 2812 συνεληλυθώς
363 2730 485 2794 ἐκεῖθεν
514 2726 601 2814 κάγώ
622 2730 725 2818 πολλῇ
744 2730 807 2794 τινί
839 2726 919 2813 πρός
941 2727 1044 2793 αὐτῶν
1064 2729 1105 2814 τῇ
1128 2725 1212 2791 ἀντι-

108 3069 222 3121 semper
240 3055 267 3105 in
290 3055 383 3106 eodem
403 3055 513 3107 crimine
532 3056 658 3107 sistentes
678 3062 705 3107 et
723 3063 870 3108 versantes.
896 3071 956 3108 nam
974 3056 1003 3108 in
1022 3054 1134 3122 pristino
1153 3069 1213 3107 meo

115 3125 298 3194 patriarchatu
311 3126 360 3178 sub
379 3141 444 3195 rege
464 3127 650 3186 Cantacunenc
670 3135 811 3195 antequem
827 3142 913 3179 annus
931 3127 1056 3191 linierat,
1075 3124 1213 3191 superbam

113 3197 233 3265 linguam
253 3197 415 3249 instruentes
440 3206 467 3250 et
489 3197 567 3249 valde
588 3197 710 3250 acerbam
736 3199 763 3249 in
790 3198 920 3250 fortunam
943 3214 1026 3248 meam
1046 3196 1214 3264 proferentes

116 3269 186 3320 lrunc
205 3266 270 3318 milri
289 3267 458 3322 llasaliunam
478 3269 602 3320 haeresin
627 3270 747 3335 inprimis
766 3269 876 3321 crimine
894 3269 990 3320 dabant
1016 3277 1043 3320 et
1061 3275 1124 3319 tunc
1145 3267 1214 3319 lorte

116 3353 238 3393 mecum
257 3341 407 3407 ignominia
425 3341 554 3409 dignitate
573 3355 633 3391 mee
654 3340 830 3406 expulissent,
849 3340 902 3392 nisi
922 3354 1074 3392 communes
1094 3353 1170 3389 meae
1189 3345 1216 3390 et

116 3412 235 3477 ipsorum
256 3410 389 3462 ecclesiae
408 3426 478 3462 nunc
508 3411 613 3478 quidem
632 3420 672 3463 sat
697 3421 774 3464 notos
803 3412 991 3474 adversarios,
1020 3425 1072 3480 qno
1087 3423 1152 3477 prae
1170 3411 1216 3461 in.

117 3482 193 3534 sauia
213 3481 240 3531 in
259 3481 387 3533 auxilium
408 3484 528 3533 vocaturi
556 3491 646 3548 erent,
676 3491 839 3550 cognossent
857 3491 935 3534 antea
960 3483 1076 3551 ideoque
1095 3481 1216 3533 destitis.

116 3561 185 3605 sent.
223 3552 303 3619 idque
324 3553 407 3618 primo
426 3554 524 3605 nefarii
545 3555 589 3604 isti
608 3563 635 3605 et
653 3554 767 3622 improbi
786 3555 814 3605 in
834 3561 913 3621 cuput
937 3569 1022 3604 meum
1040 3552 1127 3604 moliti
1146 3560 1215 3606 sunt.

116 3624 318 3686 deluderem,
343 3639 421 3690 quum
441 3624 517 3691 plura
536 3625 646 3692 insuper
670 3625 723 3677 eliu
744 3633 863 3691 ³propter
894 3623 1063 3678 llnselianam
1093 3623 1216 3674 haeresin

116 3693 145 3746 in
164 3695 416 3746 meconexuissent
438 3703 464 3746 et
485 3695 612 3746 furiosius
640 3697 667 3747 in
687 3711 729 3746 me
749 3697 877 3746 iecissent
891 3712 932 3757 ‚ex
949 3697 1007 3761 ipsa
1026 3695 1155 3762 dignitate
1173 3707 1216 3744 me

118 3767 266 3827 eiecerunt,
285 3781 320 3816 ue
338 3765 423 3816 dicam
444 3781 476 3816 ex
495 3767 553 3831 ipsa
575 3766 640 3816 rita.
684 3781 743 3817 nam
765 3767 828 3833 iuga
847 3766 1013 3818 claudestina
1030 3780 1088 3815 mea
1110 3765 1142 3816 ad
1162 3765 1216 3818 Ge-

117 3836 231 3888 latorum
252 3834 391 3887 castellum
411 3837 516 3887 interim
542 3839 611 3887 inter
641 3837 720 3888 vivos
739 3839 851 3888 animam
871 3837 935 3891 mihi
953 3835 1083 3887 servarit.
1120 3835 1217 3888 deinde

117 3923 197 3976 quum
216 3907 350 3958 Tenedum
374 3922 415 3958 me
436 3909 543 3958 venisse
571 3906 603 3958 ad
627 3906 817 3976 l'nlaeologum
846 3923 936 3976 regem
968 3906 1163 3972 explorassent,
1181 3922 1216 3959 ue

116 3988 181 4031 tuuc
200 3978 306 4045 quidem
324 3977 466 4041 tacebant,
497 3978 543 4028 sed
570 3993 619 4043 per
637 3977 740 4030 litteras
767 3987 794 4030 et
811 3993 959 4045 praecones
987 3977 1226 4041 exsecrationibus-

116 4065 160 4100 me
179 4048 349 4102 creberrimis
370 4048 588 4112 condemnabant,
609 4056 635 4098 et
653 4050 739 4115 ipsum
754 4057 869 4102 montem
888 4058 1050 4116 occupantes
1068 4064 1111 4100 me
1130 4063 1217 4116 expu-

117 4119 209 4172 lerunt
227 4125 255 4170 ul
273 4118 444 4172 llasaliennm
463 4121 563 4187 uirique
581 4117 743 4171 infamatum.
762 4136 849 4189 nuper
877 4137 984 4190 quoque
1003 4135 1082 4188 quum
1100 4134 1149 4171 rex
1167 4133 1217 4186 pa-

117 4198 222 4245 ternum
250 4191 392 4256 imperium
419 4205 509 4242 rursus
529 4189 695 4256 susciperet,
721 4206 773 4258 ego
798 4193 844 4261 qui
872 4208 925 4244 una
950 4208 1008 4244 cnm
1037 4205 1069 4242 eo
1087 4189 1218 4242 redieram

117 4261 229 4318 multam
248 4259 357 4314 illorum
377 4259 589 4316 obluctationem
606 4268 730 4329 expertus
748 4277 815 4332 suun,
838 4270 866 4316 et
883 4264 1029 4333 praecipue
1045 4266 1075 4314 ut
1091 4259 1217 4318 Μετιλίο-
