2992 4918
281 323 501 393 ursronnu
531 289 791 389 animun„
809 322 905 388 xxv.
934 304 1003 388 39.
1025 302 1093 388 to.
1177 314 1226 388 67

132 490 220 575 σφάν
248 485 511 572 παρεισπεσόντες
530 482 624 582 ἔνιοι,
644 487 769 568 μακράς
798 483 931 568 ἐρημίας
952 482 1227 570 ἐπιχωριαζούσης

132 587 208 654 κατά
230 587 285 653 τάν
306 581 390 652 οἶκον
410 585 465 651 τάν
486 587 564 666 σάν,
594 584 646 650 διά
665 585 787 670 βρόχου
818 585 955 649 θάνατον
982 588 1154 669 ἐπενεγκεῖν
1175 607 1227 649 σοι

130 691 201 769 πρδν
220 692 284 752 τῶν
315 688 463 752 ἁπάντων
484 681 661 752 αἶ’σθεοθαδ
679 681 758 750 τινά.
812 677 829 747 i
851 687 906 748 κατ’
930 683 1063 750 Παῦλον
1086 675 1141 750 τύν
1162 708 1226 749 πα-

131 788 285 874 τριάρχην
306 785 407 854 πάλαι
440 786 523 874 φασδ
551 790 743 852 πεπονθέναι
774 785 854 872 αρδς
883 788 943 852 τάν
978 786 1097 868 ὁμοίων
1118 789 1226 863 adroic

108 887 329 970 5κακοδύξιον,
352 892 406 954 κατ’
437 893 564 964 πλείους
587 875 702 963 άλλους
731 887 790 969 πρά
812 911 845 970 γε
869 882 1029 970 δήπουθεν
1051 889 1153 951 αύτού
1174 885 1229 950 κατ’

129 995 190 1074 μετ’
209 993 322 1057 αάτόν.
376 985 455 1054 εἶναι
489 991 550 1074 γάρ
577 1015 658 1075 φασι
690 991 778 1054 τουτὶ
808 989 985 1071 βιαιότερον
1014 988 1068 1053 καί
1096 976 1225 1075 σφόδρα

128 1091 234 1176 τάχιον
257 1096 316 1175 τῆς
348 1095 405 1156 τού
439 1093 568 1157 κωνείου
602 1092 745 1169 κύλικος,
772 1083 810 1154 ού
833 1090 1004 1174 Σωκράτην
1028 1087 1126 1154 πάλαι
1144 1099 1227 1155 πιεῖιι

126 1194 303 1278 Ἀθηναίων
323 1189 622 1278 καταψηφισάμενοι
643 1193 763 1270 παῖδες,
786 1189 933 1271 δράντονν
953 1191 1016 1253 τάν
1038 1192 1149 1275 φίλων,
1172 1192 1228 1273 τῆς

128 1292 289 1377 παρούσης
314 1291 498 1375 ἀπήλλαξαν
531 1295 623 1376 ζωῆς.
677 1297 733 1356 κατ’
761 1294 847 1357 τοῦτ’
876 1286 957 1355 εἶναι
984 1290 1164 1375 φάσκουσιν
1195 1288 1227 1354 οἶ

95 1398 249 1468 ίθπλειόιις
280 1389 301 1456 ὃ
339 1392 397 1477 την
427 1393 582 1478 τοσαύτην
604 1397 740 1478 ἐρημίαν
772 1389 897 1476 ἐπάγειν
919 1415 969 1456 σοι
992 1393 1077 1477 σφάς
1101 1414 1225 1477 προση-

127 1499 286 1580 νάγκασεν,
311 1495 363 1558 ἵνα
387 1496 507 1574 δράοιν
525 1494 628 1568 άδεῶς
653 1489 674 1557 ά
695 1497 775 1578 δρᾶν
797 1495 955 1568 τοιούτοις
978 1496 1031 1556 δεῖ
1047 1500 1225 1579 φονευταΐς.

127 1604 201 1684 φὲρε
220 1599 356 1677 τοίνυν,
381 1594 415 1660 εἴ
429 1597 462 1660 τί
483 1619 534 1660 σοι
555 1593 636 1680 πρὸς
654 1595 837 1677 βουλήσεως
861 1593 910 1678 εἴη
931 1597 992 1659 τάν
1011 1597 1113 1679 φίλων
1135 1595 1296 1668 ε’νδοιςιθ
1350 1580 1355 1587 ’

127 1700 252 1782 ἐνιαχοῦ
274 1693 410 1781 μηνύειν
432 1696 630 1781 άπόρρητον,
656 1696 727 1777 ἐμοὶ
748 1695 955 1779 προσανάθου
983 1696 1058 1780 πρὶν
1073 1702 1137 1769 τοῖς
1161 1698 1226 1760 τιύν

127 1799 272 1864 τοιούτων
299 1795 450 1863 θανάτων
473 1797 594 1862 άλιύναι
618 1799 772 1871 δικτύοις·
827 1795 888 1878 ἐγώ
918 1797 979 1879 γάρ
1001 1821 1050 1863 σοι
1073 1796 1128 1862 κατ’
1150 1801 1226 1862 flv-
1259 1849 1263 1856 .

94 1898 215 1983 15λάδης
240 1899 361 1981 ἔσομαι
383 1897 508 1983 πιστάς,
542 1900 602 1982 ἐγώ
624 1903 680 1962 καί
701 1899 805 1984 φύλαξ
829 1889 871 1962 ὧν
897 1892 1076 1962 άνέκπυστα
1101 1898 1228 1984 φυλάτ-

126 2023 181 2064 τειν
200 2002 282 2085 χρη.
339 2002 429 2063 δυοῖν
459 2002 519 2083 γάρ
549 1998 637 2064 ἔσται
660 2022 715 2082 μοι
735 1999 886 2083 θάτερον·
945 1993 965 2080 η’
985 1999 1046 2082 γάρ
1070 2000 1123 2064 σοι’
1141 1997 1225 2082 κάγά

126 2100 396 2186 συντεθνήξομοι,
424 2105 448 2141 ‘¹
472 2101 527 2166 κατ’
555 2102 657 2186 τάφος
683 2097 788 2165 ἔσεται
815 2101 915 2175 κοινὸς
938 2099 1057 2184 άμφοῖν
1078 2095 1094 2164 ὅ
1115 2099 1227 2182 πυράν
1239 2103 1360 2162 t‘111s.

26 2235 33 2254 ·
125 2196 201 2277 οἶκος
222 2203 315 2286 ἡμῖν,
339 2199 359 2283 η’
381 2202 460 2267 κατά
483 2201 517 2268 τύ
536 2201 671 2286 λεληθύς
687 2197 1004 2285 προαναστειλάντων
1016 2225 1058 2282 με
1079 2204 1142 2264 τάν
1165 2223 1228 2285 φο-

126 2307 238 2368 νευτάν
279 2307 338 2367 κατ’
369 2306 498 2390 φυγάδα
530 2308 750 2389 ποιησαμένων
778 2327 836 2387 με,
866 2305 970 2366 πάσαν
1003 2297 1043 2366 άν
1067 2304 1227 2383 διὲλθοιμι

91 2408 176 2486 illyrii
197 2429 232 2469 τε
254 2403 316 2470 κατ’
347 2403 537 2488 θάλασσαν,
571 2405 648 2494 η’λίηι
673 2404 728 2469 κατ’
748 2404 905 2487 α’στράσιν
936 2403 1139 2485 ἀπαγγέλλων
1167 2404 1226 2487 την

128 2508 248 2571 άδικιάν
272 2507 423 2589 ταυτηνί,
446 2507 578 2592 ναύτην
600 2508 766 2590 α’γνούμσνοι
788 2507 951 2586 μαστίζειν
963 2507 1000 2591 τῇ
1019 2501 1142 2593 γλάττη
1165 2507 1227 2570 τούν

128 2607 187 2670 σύν
208 2608 379 2693 φονευτῶν
404 2609 530 2689 δεξιάν,
563 2611 619 2672 κατ’
648 2609 827 2693 τραγῳδίαν
858 2607 1030 2689 θεατρικην
1052 2605 1090 2671 τά
1110 2631 1145 2672 τε
1173 2609 1227 2691 τῆς

128 2707 288 2793 εἰικλησιόις
312 2707 369 2771 κατ’
388 2708 427 2772 τά
450 2708 490 2773 σά
513 2710 661 2796 πανταχῇ
680 2711 842 2789 τιθέμενος
862 2707 1050 2792 διηγήματα.

129 2966 220 3037 laqueo
240 2970 292 3021 tibi
309 2983 406 3020 necem
424 2967 559 3034 inierant,
586 2971 693 3021 nemine
712 2968 863 3033 sentiente,
890 2969 916 3021 id
936 2969 1005 3037 quod
1031 2969 1109 3021 etiam
1127 2965 1225 3024 Paulos

129 3041 275 3104 patriarcha
295 3039 329 3093 ab
348 3040 498 3094 hominibus
510 3042 567 3109 pari
580 3042 700 3112 nequitia
718 3040 845 3108 praeditis
858 3040 921 3093 olim
940 3055 1083 3108 perpessus
1103 3055 1162 3092 osse
1181 3043 1224 3094 di.

130 3111 193 3162 citur
210 3112 345 3179 multique
365 3111 412 3163 alii
434 3121 460 3164 et
479 3121 540 3164 ante
561 3129 620 3164 eum
640 3122 666 3164 et
691 3122 751 3180 post
776 3128 843 3164 eum.
894 3111 945 3163 hoc
972 3114 1041 3164 euim
1060 3111 1142 3165 multo
1161 3113 1224 3164 vie.

130 3179 221 3234 lentius
239 3193 326 3251 atque
348 3184 484 3236 efficacius
511 3201 571 3237 esse
589 3185 696 3248 dieunt,
719 3201 796 3252 quam
821 3185 925 3235 cicutae
954 3182 1098 3250 poculum,
1123 3184 1155 3236 ad
1176 3201 1225 3236 cu.

130 3253 166 3303 ius
184 3255 363 3306 sorbitionem
382 3255 414 3307 ab
431 3255 641 3318 Atheniensibus
660 3257 791 3323 quondam
803 3255 927 3307 Socrates
946 3257 1082 3307 damnatus
1093 3271 1224 3324 praesen.

129 3324 192 3376 tibus
209 3329 304 3381 amieis
330 3327 386 3378 vita
408 3327 539 3379 discessit.
579 3327 646 3378 lraue
674 3343 777 3379 causam
794 3343 864 3384 ‚esse
888 3325 995 3393 plurimi
1024 3327 1131 3393 dieunt,
1156 3344 1225 3397 quaa

130 3394 189 3448 istos
208 3398 361 3464 appulerit,
387 3405 416 3448 nt
434 3404 460 3449 te
485 3400 512 3448 in
532 3405 604 3449 tanta
623 3398 768 3450 solitudine
789 3397 974 3462 collocarent,
992 3399 1116 3450 nimirum
1133 3409 1163 3452 ut
1177 3416 1224 3454 se.

131 3481 187 3518 eure
205 3477 410 3537 perpetrarent,
436 3470 506 3537 quod
524 3470 592 3521 tales
618 3471 805 3522 interfectores
829 3476 984 3535 perpetrare
1012 3469 1118 3522 debent.
1156 3487 1223 3540 age.

129 3538 183 3588 dam
207 3542 313 3608 igitur,
338 3541 361 3592 si
385 3541 433 3592 tihi
460 3538 563 3592 volenti
587 3550 626 3593 est
646 3541 772 3593 nonnulis
793 3556 826 3591 ex
844 3542 896 3591 tuis
915 3541 1007 3593 amieis
1026 3541 1156 3594 interdum
1176 3559 1224 3596 se.

131 3619 224 3662 eretum
244 3611 376 3680 quoddam
395 3611 534 3678 revelare,
560 3613 625 3664 mihi
644 3613 669 3664 id
690 3613 801 3676 eredas,
829 3613 980 3680 priusquam
1002 3613 1131 3665 eiusmodi
1150 3630 1224 3666 mor-

130 3680 188 3731 tium
207 3681 315 3752 laqueis
334 3685 472 3736 irretiaris.
511 3697 563 3752 ego
587 3685 656 3735 enim
675 3683 722 3734 tibi
744 3681 830 3734 fidelis
852 3681 965 3748 Pylades
986 3698 1042 3748 ero,
1063 3699 1114 3754 ego
1135 3693 1224 3738 eustos

133 3765 234 3817 eorum,
257 3769 329 3822 quae
347 3753 462 3807 fideliter
481 3754 584 3807 servari
603 3769 691 3823 neque
711 3753 849 3805 enunciari
870 3753 977 3806 debent.
1022 3755 1135 3807 alterum
1153 3758 1224 3809 enim

132 3835 162 3871 ex
179 3825 282 3876 duobus
302 3823 367 3876 milri
386 3843 434 3878 usu
455 3829 562 3878 veniet:
582 3834 720 3877 auttecum
741 3826 898 3877 commoriar
917 3825 1030 3877 ethaeo
1049 3827 1224 3880 domusoom-

132 3907 203 3945 mune
220 3897 300 3947 nobis
321 3895 372 3947 erit
389 3897 552 3964 sepulerum,
572 3905 626 3960 aut,
646 3885 864 3949 interlectoribus
882 3913 924 3946 me
944 3895 1033 3949 furtim
1052 3899 1224 3964 reprimenti.

133 3962 176 4015 lus
197 3975 223 4017 et
242 3967 418 4036 fugantibus,
445 3983 548 4020 omnem
567 3977 663 4020 terram
683 3977 762 4036 atque
781 3983 852 4019 more
872 3983 1021 4036 pervagans
1040 3968 1092 4022 soli
1121 3969 1224 4022 stellis.

132 4049 179 4100 αρε
198 4037 268 4088 hanc
287 4039 411 4090 iniuriam
429 4041 605 4108 pronuntiabo
627 4048 653 4090 et
672 4042 791 4091 insanam
816 4045 920 4091 tuorum
939 4041 1095 4092 sicariorum
1114 4041 1224 4092 violeu.

131 4105 189 4157 tiam
207 4123 278 4160 voce
297 4109 442 4177 flagellabo
464 4119 544 4181 atque
565 4112 664 4179 ubique
674 4111 749 4179 quasi
757 4111 920 4181 tragoediam
940 4113 967 4162 in
987 4121 1068 4167 scena
1087 4108 1223 4166 ecelesiae

134 4175 259 4232 fortunam
278 4188 521 4254 tuamquesortem
541 4181 680 4236 enarrabo.

547 4289 814 4308 pm
