2910 4896
270 355 344 430 οοο
420 345 461 363 ’”
569 345 792 430 ὀιοοοοοοι
824 363 1053 430 sanaem

273 526 448 608 ρεοομενην
478 532 545 597 τοῖς
576 524 760 607 πράγμασιν
790 525 981 601 α’θετοῦντες
998 516 1149 612 1ίτνάγνιην
1178 529 1231 613 τῆς
1261 527 1361 612 τάχης.

271 622 397 688 πάντων
418 622 479 706 γάρ
515 625 557 700 οὖς
589 622 673 700 εἰκάς
694 627 959 710 προεγνωσμένων
981 630 1061 712 θεῷ,
1090 629 1146 692 καί
1173 629 1252 694 ποῖοι
1275 651 1363 692 πεπι-

132 747 152 800 t.
173 727 445 804 113ν.σ“τευμένου
467 725 564 808 μήπω
583 729 701 809 μηδενί
719 751 763 814 τρι
778 727 881 813 τρόπῳ
902 726 957 809 τήν
979 732 1072 792 θειάν
1093 730 1210 807 ἐξεῖναι
1232 731 1364 810 διαψευ-

271 828 390 908 σθήναι
414 826 578 908 πρόνοιαν,
602 831 634 903 ἐξ
656 827 793 910 ἀνάγκης
822 827 996 890 α’κολουθεῖ
1015 827 1070 892 καί
1096 826 1217 894 πάντά
1242 833 1282 914 τῇ
1301 833 1365 917 θείρ

271 934 528 1009 προεγνωσμένον
562 930 692 1016 προνοίᾳ
711 926 931 1009 πεπράξεσθαι
967 927 1050 992 καθά
1070 934 1126 994 καί
1148 934 1385 1012 προέγνωστοι.5

270 1018 318 1101 οἷς
349 1028 376 1090 δ’
409 1026 471 1109 οίχ
495 1023 577 1093 οὕτω
610 1026 704 1108 δόξης
733 1024 819 1109 ἔχειν
850 1029 1038 1109 συμβαίνει,
1065 1030 1122 1092 ουίι
1150 1021 1191 1092 ι’ίν
1221 1030 1365 1115 φθάνοιεν

270 1119 361 1192 οὗτοι
385 1126 496 1204 πάντες
517 1133 566 1194 ἐπ’
591 1131 743 1208 ἀβεβαίου
776 1127 832 1192 καί
852 1131 1055 1214 πλανωμένης
1084 1133 1247 1208 τιθέμενοι
1271 1126 1364 1212 δόξης,

272 1225 316 1303 οἷς
339 1224 436 1310 ἔγωγε
452 1225 551 1311 οἶμαι,
574 1228 648 1303 τοδς
671 1232 728 1310 τής
749 1228 842 1302 θείας
862 1228 1032 1307 θεμελίους
1052 1231 1215 1311 προνοίας,
1239 1231 1291 1312 ἐφ’
1312 1223 1365 1292 ὅσα

272 1331 327 1394 τὸν
349 1328 450 1394 πάντα
473 1331 589 1412 χρόνον
612 1331 774 1412 προβαίνει
796 1352 828 1393 τε
859 1331 915 1394 καί
943 1330 1136 1413 προβήσεται
1158 1333 1215 1394 τοῦ
1234 1325 1365 1412 βεβαιώ-

273 1452 380 1504 σοντος
402 1431 458 1492 οδε
481 1423 573 1506 ὄντος
594 1433 790 1512 ἐρείσματος.
834 1421 880 1503 οἷς
901 1426 961 1512 γάρ
986 1426 1042 1493 οδκ
1064 1427 1151 1511 ἔστιν
1181 1427 1214 1508 ἐξ
1238 1427 1399 1512 α’νάγιηςλλ

271 1532 404 1610 βεβαίαν
438 1533 610 1611 κεκτῆσθαι
649 1526 705 1611 τήν
735 1525 866 1611 ἔκβασιν
895 1528 989 1592 ὁποῖά
1018 1533 1086 1594 ποτ’
1116 1523 1155 1594 άν
1186 1529 1255 1614 εἴη,
1290 1529 1366 1594 τοῦτ’

274 1627 411 1714 άδριστα
434 1624 508 1696 ὄντα
527 1628 656 1706 εἰκότως
680 1624 719 1694 άν
735 1633 810 1694 ου’δὲ
827 1626 1096 1713 προγινωσνεσθσι
1115 1633 1269 1716 δυνηθείη
1291 1632 1366 1698 ποτὲ.

273 1732 329 1796 τιαί
352 1730 464 1806 πάντες
495 1729 594 1806 effode
617 1731 672 1796 καί
696 1724 877 1813 συλλήβδην
910 1732 1010 1797 εἰπεῖν
1042 1733 1268 1813 διαβέβληνται
1289 1730 1366 1813 λόγον

273 1837 447 1915 προφητιὸν
468 1829 575 1914 ἱεροῖο,
600 1836 655 1896 ναί
677 1829 711 1896 εἴ
720 1854 801 1905 τινες
819 1825 883 1898 εἶεν
903 1835 937 1896 εἰι
954 1830 1112 1915 Δαδάνης
1135 1827 1203 1912 άμα
1224 1831 1282 1896 κατ’
1293 1837 1368 1897 Δελ-

273 1936 371 2018 φικοῦ
392 1935 538 2014 τρίποδος
557 1942 620 2008 τοῖς
640 1929 905 2019 φιλοπευστοῦσιν
928 1931 1187 2019 incensionis
1212 1933 1401 2016 &tropique-15

272 2036 375 2112 μένων
396 2038 469 2114 πέρι
493 2037 782 2117 προθεσπίζοντες,
814 2034 941 2121 οὐδαμῇ
962 2037 1017 2115 τής
1041 2033 1207 2119 αόριοτίας
1238 2031 1367 2116 ε’χοίσης

207 2129 360 2218 wipere
382 2135 558 2220 ἐπιστήμης
580 2137 788 2217 ε’γκλείεσθαι.
833 2136 889 2198 κατ’
908 2129 1008 2208 οὕτως
1040 2129 1296 2220 ἐπ’·αδτοφοίρῳ
1318 2127 1369 2212 τήν

272 2239 364 2302 θείαν
396 2237 579 2302 άλίστονται
615 2237 836 2318 διαβάλλοντες
870 2233 1042 2317 πρόνοιαν·
1105 2236 1161 2298 κατ’
1187 2229 1222 2297 τά
1254 2227 1364 2299 tironos

274 2335 389 2400 ὁπόσον
412 2338 466 2400 καί
487 2331 564 2418 οἷον,
585 2339 705 2401 πολλοῦ
723 2339 786 2419 μέν
807 2338 831 2401 τ’
863 2329 901 2399 άν
923 2337 1043 2419 δεήσειε
1064 2332 1108 2418 μή
1133 2332 1188 2398 καί
1207 2336 1273 2400 τῶν
1292 2336 1369 2416 uipe-

273 2442 432 2520 λεστὲρων
454 2441 517 2511 πάς
532 2448 591 2520 τίς,
614 2436 668 2502 καί
680 2434 767 2510 εἴτις
785 2433 834 2519 εἴη
855 2438 917 2500 ταῖν
939 2435 1023 2500 πάνυ
1037 2437 1209 2517 βαναύσων
1229 2432 1285 2500 καί
1299 2432 1401 2516 dyo-2⁰

275 2541 384 2620 ραίων,
408 2542 521 2625 σαφιάς
545 2545 673 2606 ἐννοεῖν.
697 2537 808 2602 τούτου
824 2540 853 2600 δ’
875 2535 994 2602 οὑτωσί
1012 2535 1091 2622 πρδς
1112 2535 1255 2612 άτόποος
1276 2540 1369 2619 ἐσχα-

274 2638 344 2714 τίάς
364 2663 396 2704 τε
419 2641 473 2703 καί
500 2639 667 2725 φάραγγας
697 2642 878 2720 ἐωσμένου,
901 2639 997 2721 πολλή
1030 2630 1069 2702 άν
1091 2636 1139 2724 εἴη
1160 2634 1311 2724 ρίαθυμιλι
1330 2632 1367 2718 μή

213 2777 215 2782 ·
246 2777 252 2782 -
274 2739 444 2828 οίρρήπτοις
466 2743 608 2825 νομίζειν
627 2737 778 2828 α’νάγίιαις
803 2727 953 2821 δεσμίους
980 2737 1040 2818 τάς
1064 2745 1127 2818 τοῦν
1147 2741 1321 2824 γινομένων
1341 2759 1369 2802 τε

275 3055 354 3110 rasit.
374 3054 426 3109 hoc
445 3071 511 3110 vero
523 3057 601 3109 modo
621 3056 737 3110 divinam
755 3071 785 3107 se
802 3055 997 3124 providentiam
1016 3053 1115 3107 tollere
1134 3055 1268 3108 nesciunt.
1288 3051 1369 3106 omniu

277 3130 382 3181 enirna
407 3128 458 3180 deo
487 3128 622 3195 pendent,
649 3129 691 3180 cui
715 3129 800 3181 omnis
820 3127 886 3182 fides
910 3127 1031 3180 habenda
1056 3134 1096 3180 est
1115 3143 1204 3195 neque
1223 3124 1368 3179 ullomodo

276 3201 369 3252 divina
389 3199 559 3266 providentia
574 3206 664 3265 potest
681 3199 748 3252 falli.
769 3199 923 3252 necessario
937 3199 1119 3266 consequitur,
1139 3199 1268 3267 quidquid
1287 3197 1369 3250 divina

276 3270 447 3338 providentia
463 3273 598 3338 cognitum
622 3280 671 3324 est.
700 3271 795 3338 quibus
813 3286 867 3322 non
888 3278 959 3322 tanta
976 3271 1064 3338 gloria
1083 3271 1206 3338 contigit,
1229 3283 1276 3322 eos
1297 3265 1369 3320 facile

276 3356 368 3394 ornnes
388 3343 415 3392 iu
429 3341 511 3393 debili
529 3351 556 3394 et
575 3357 642 3410 vaga
662 3342 749 3409 gloria
765 3357 865 3409 ponere
881 3343 988 3394 divinae
1002 3341 1187 3408 providentiae
1208 3341 1369 3392 fundamenta

275 3427 330 3466 οοο
350 3421 413 3478 puto
433 3414 460 3464 iu
481 3414 514 3465 iis
534 3414 612 3465 rebus
632 3429 700 3482 qnae
713 3430 761 3481 per
780 3429 857 3466 omne
869 3422 971 3479 tenipus
991 3413 1369 3479 proveniuntproveuicntquo

276 3482 380 3538 sublato
400 3485 474 3536 firmo
494 3485 592 3536 fulcro.
618 3501 707 3553 neque
725 3487 793 3536 euim
806 3501 874 3554 quae
894 3500 946 3536 non
962 3492 1073 3551 possunt
1091 3485 1245 3536 necessario
1267 3482 1369 3535 evenire

276 3555 356 3623 piane
370 3555 459 3623 qualia
474 3565 567 3622 postea
579 3566 664 3620 erunt,
680 3557 747 3608 haec
758 3572 835 3624 quuur
849 3557 950 3607 infinita
962 3557 1015 3607 sint
1024 3554 1209 3607 verisimiliter
1222 3557 1301 3608 etiarn
1314 3558 1369 3604 aute

277 3628 405 3694 cognosci
430 3643 546 3695 unquum
565 3637 684 3696 possunt.
707 3629 744 3679 ita
757 3631 844 3680 omnia
859 3643 992 3679 sacrorum
1012 3627 1200 3694 prophetarum
1220 3627 1289 3678 dictu
1307 3635 1376 3686 rant,

277 3707 338 3751 sunt
357 3706 402 3750 aut
421 3700 444 3750 si
465 3701 510 3767 qui
531 3701 658 3752 Dodonae
679 3709 724 3751 aut
745 3701 777 3751 ad
793 3699 951 3766 Delphicum
966 3699 1095 3764 tripodem
1116 3707 1193 3748 erant
1210 3699 1255 3765 qui
1276 3708 1369 3748 consu·

277 3769 394 3822 lentibus
415 3769 502 3822 futura
522 3771 720 3838 praedicebant,
742 3787 820 3839 quum
848 3772 963 3824 infinitas
990 3771 1119 3822 scientiae
1143 3770 1240 3822 finibus
1260 3770 1369 3820 circum·

277 3841 358 3894 scribi
377 3857 431 3892 nou
451 3845 544 3909 possit.
594 3844 684 3910 itaque
704 3843 731 3894 in
756 3847 814 3908 ipsa
833 3841 1004 3895 obtrectanda
1030 3841 1121 3909 divina
1137 3842 1305 3906 providentia
1324 3836 1370 3888 de·

212 3962 213 3966 ,
278 3911 487 3979 prehenduntur.
526 3923 553 3966 ct
577 3915 696 3981 ineptum
725 3923 849 3982 quantum
878 3912 1002 3982 etqualo
1021 3914 1056 3964 sit
1078 3912 1271 3964 haudmultum
1291 3909 1368 3964 abest

245 4021 246 4024 ,
278 3986 342 4050 quin
362 3985 499 4050 imperitus
524 3987 637 4053 quisque
665 3993 692 4034 et
710 3986 781 4037 rudi-s
807 3994 887 4053 atque
914 3985 1026 4052 agrestis
1050 3983 1130 4050 plane
1148 3983 1292 4050 intelligat.
1328 3975 1369 4045 qui

278 4071 356 4121 qnam
377 4059 414 4106 ita
433 4057 465 4108 ad
490 4059 630 4109 inusitatos
653 4058 719 4108 fines
743 4073 877 4124 rupesque
910 4065 982 4108 esset
1006 4055 1134 4121 depulsus
1160 4054 1284 4122 perfacili
1310 4061 1368 4104 sano

276 4128 364 4177 auimo
386 4127 480 4179 fuisset
498 4131 520 4178 si
540 4144 594 4180 uon
613 4127 782 4195 infragilibus
805 4136 910 4196 putaret
930 4127 1134 4198 nqcessitatibus
1163 4129 1267 4180 vinctos
1286 4132 1368 4175 rerum

277 4199 478 4265 praeteritarum
499 4201 698 4268 futurorumque
718 4210 831 4252 eventus
856 4201 1018 4267 procedere,
1049 4206 1075 4250 et
1094 4198 1191 4265 cuique
1212 4196 1310 4250 homini
1329 4193 1368 4244 in-

276 4269 358 4330 finitis
377 4270 492 4328 fortunis
513 4273 625 4329 servire.
670 4289 738 4343 quae
764 4274 900 4346 quantita
920 4274 989 4338 sint,
1014 4279 1040 4326 et
1060 4270 1086 4322 id
1112 4271 1183 4340 quod
1201 4269 1269 4342 apud
1289 4274 1367 4321 noue
