2926 4906
254 331 331 418 tab
557 332 782 412 armanum
812 338 1044 408 ennoean

257 507 406 630 ἔξηγητὴς
429 504 678 594 Χρνσορρήμων
722 499 886 578 ἀτελεῖς
872 500 915 566 ἐτ’
938 493 1028 564 εἶναι
1057 496 1127 562 τότε
1163 495 1279 583 φύσκει
1301 490 1363 560 καί

255 609 329 686 τούς
353 609 558 683 ἀποστόλους,
578 629 633 670 και
656 599 745 670 ούτιω
758 605 820 668 τῶν
835 600 985 667 τοιούτων
1005 595 1241 686 ἐφικνεῖσθαι
1228 593 1353 674 ισχύον-

256 721 321 788 τοις,
344 709 413 774 οὐδ’
445 709 479 772 ἐκ
508 710 570 772 τοῖν
602 703 802 792 φαινομένων
827 701 847 768 ἃ
868 729 913 820 μη
942 703 1065 786 πέφυκε
1088 697 1265 819 φαίνεσθαι
1284 695 1354 777 βλέ-

211 893 215 896 ·
257 835 338 875 πειν.
389 806 496 894 ὥσπερ
519 801 574 871 ούν
596 806 665 872 οὐδ’
688 803 724 870 οἵ
744 803 826 888 μετὰ
852 806 952 868 ταῦτα
982 801 1139 888 ὀφθεῖσαν
1160 820 1237 862 ωσει
1260 793 1356 880 πυρὸς

259 910 522 993 διαμεριζόμεναι
549 909 695 991 γλῶσσαι
724 904 780 968 οὐκ
802 899 885 987 ησαν
917 899 1048 966 ύκτιστοι
1069 899 1255 980 πνεύματα,
1279 891 1375 957 cittii

257 1007 293 1074 τύ
316 1011 357 1072 (λε’
385 1005 488 1070 ούτῶν
504 1003 831 1126 παραδεικνύμενον
815 1027 849 1067 εν
872 999 1015 1066 ἄκτιστον
1036 999 1160 1080 πνεῦμα
1183 993 1282 1080 ἅγιον,
1305 989 1355 1054 ού-

259 1134 321 1184 τως
345 1107 412 1172 οὐδ’
442 1109 542 1172 ἐκεῖνο
574 1103 609 1170 τύ
630 1105 731 1191 φανὲν
754 1107 823 1190 φῶς
855 1104 888 1166 ἐν
912 1095 1075 1185 &adolff
1054 1121 1198 1162 ακτιστον
1219 1091 1269 1180 ην,
1292 1087 1354 1158 αλλ’

193 1206 281 1293 Μή
306 1209 383 1273 δι’
368 1207 489 1272 εκεύνοο
513 1207 772 1292 παρούειχθεῖσο
795 1203 917 1286 θεύτης.
966 1202 1066 1266 πόθεν
1090 1193 1145 1264 ode
1173 1193 1291 1283 ὁρατην
1313 1217 1355 1255 ει-

261 1333 316 1375 ναι
336 1307 472 1391 θεότητα
504 1329 649 1371 ακτιστον
679 1329 733 1368 και
766 1304 913 1370 ἆνούσιον
948 1301 969 1386 ἦ
998 1297 1178 1384 Παλαμικη
1207 1297 1356 1381 μαθοῦσα

191 1481 196 1490 A
263 1409 386 1495 φατρία
406 1409 507 1472 ἐκεῖνο
527 1404 563 1470 τύ
587 1409 656 1491 φῶς
677 1405 899 1490 ισχορίζετοιι,
908 1427 1047 1488 μιγνυσα
1058 1425 1093 1465 τε
1111 1398 1152 1464 τὰ
1172 1396 1290 1482 ἔμικτο
1307 1419 1355 1458 και
1363 1414 1388 1468 (ο

263 1508 375 1595 δικτύῳ
401 1507 587 1594 θηρεύειν
571 1507 781 1591 επιχειρούσα
799 1529 854 1569 τον
876 1501 1001 1585 ἄνεμον.
1044 1498 1192 1577 αλλωςτε
1208 1523 1262 1562 και
1285 1520 1311 1560 ει
1324 1491 1355 1559 τύ

134 1569 393 1694 introitionis
415 1612 484 1695 φιός
504 1607 597 1674 ούσιά
610 1607 678 1672 ἐστι
700 1606 782 1685 sord
795 1629 829 1671 τε
842 1607 896 1670 τόν
908 1601 1123 1688 Δαμασκηνὸν
1141 1601 1289 1682 Ἰωάννην
1308 1623 1354 1662 και

263 1709 334 1778 ὅσοι
354 1715 422 1774 κατ’
436 1709 612 1792 ἐπιστήμην
626 1708 701 1790 περὶ
717 1706 814 1772 abab
827 1704 982 1791 λέγουσιν,
1005 1706 1106 1768 ἐκεῖνο
1121 1706 1148 1768 d'
1171 1698 1211 1786 ἦν
1232 1701 1289 1766 κού
1306 1699 1355 1764 τού

262 1805 515 1896 ἡλιακοῦ-φωτὸς
527 1805 739 1894 ύπέρτερύντε
749 1807 805 1872 καὶ
813 1805 1007 1891 τιμιιύτερον,
1017 1809 1084 1880 πῶς
1094 1803 1149 1868 κού
1157 1803 1258 1868 πόθεν
1271 1799 1354 1890 (ivod-
1454 1811 1455 1878 l

263 1935 352 1991 σιονς
364 1914 432 1988 πούς
446 1911 481 1974 δὲ
498 1908 554 1974 καί
568 1907 717 1993 boarded
731 1912 807 1972 καθ’
821 1902 897 1970 oded
912 1907 1075 1986 ἀνούσιον,·
1098 1906 1126 1970 εἰ
1137 1903 1200 1990 yolo
1217 1903 1355 1968 οἷνούσιον
1363 1924 1387 1976 15
1454 1975 1455 1984 ¹

262 2014 321 2095 μὲν
336 2010 453 2097 ὁρατὸν
468 2010 514 2087 de',
530 2014 650 2096 χρῶμα
665 2005 704 2074 ἂν
717 2007 795 2084 ἴσως
817 2006 881 2091 εἴη·
902 2008 958 2073 κού
974 2009 1003 2072 εἰ
1021 2011 1149 2102 χρῶμα,
1162 2001 1356 2088 συμβεβηκὸς
1454 1997 1455 2000 “

204 2161 210 2171 .
264 2113 408 2187 π’ύντως·
451 2111 507 2175 κού
531 2112 560 2174 εἰ
582 2111 791 2194 συμβεβηκός,
813 2113 881 2185 τοῖς
899 2109 995 2189 θἐύςς
1016 2107 1055 2174 τὸ
1078 2133 1142 2193 γαρ
1163 2103 1358 2189 συμβεβηκὸς

265 2210 301 2276 ού
337 2213 434 2296 μόνον
463 2209 500 2274 ού
533 2209 607 2286 θεὸς
630 2209 697 2272 ἀλλ’
725 2208 799 2274 οὐδὲ
820 2204 865 2276 ὅν.
910 2208 990 2274 ὥστε
1022 2206 1040 2272 ὁ
1068 2212 1115 2295 τῷ
1146 2207 1191 2290 μὴ
1214 2203 1282 2272 ὄντι
1305 2211 1358 2268 λα-
1454 2203 1455 2224 ³

196 2313 386 2399 θηρεύων
406 2311 505 2376 ἔλαθε
534 2311 589 2375 καὶ
624 2306 720 2385 ἄθεος
741 2312 776 2374 ἐκ
801 2310 962 2374 πολοθέοο
990 2310 1162 2394 γινόμενος.
1205 2307 1262 2372 καί
1283 2305 1358 2370 εἶκόε

263 2436 332 2492 τωςΙ
390 2412 601 2496 ταραπέπηγε
630 2409 692 2495 γὰρ
720 2407 742 2494 ἦ
777 2409 873 2474 tidelia
904 2413 944 2496 τῇ
970 2412 1144 2498 πολυθεΐη,
1166 2406 1275 2492 ὥσπερ
1296 2413 1392 2480 roiano

264 2515 332 2578 τῶν
358 2506 479 2598 οἷρέτοῖν
500 2511 670 2595 μεύύτησιν
703 2509 737 2574 αἱ
767 2515 844 2574 καθ’
871 2508 1050 2597 ὑπερβολήν
1074 2519 1113 2574 τε
1133 2511 1189 2574 καὶ
1222 2507 1355 2587 ἔλλειψιν

265 2613 386 2678 κακίαι.
429 2610 538 2678 ἔπειτα
568 2612 625 2676 καί
650 2611 726 2676 θεὸν
752 2612 812 2695 μὲν
834 2612 988 2695 ἀκούομεν
1020 2613 1181 2698 λεγουσῶν
1201 2612 1351 2692 τῶνγρο-

175 2928 181 2940 ,
266 2905 322 2954 tbnr
341 2905 391 2962 est,
410 2899 543 2966 qnonodo
560 2897 594 2952 ab
613 2897 764 2955 bominibus
775 2897 976 2968 cognoscatur?
1011 2898 1079 2952 olias
1098 2897 1303 2968 evangeliorum
1320 2899 1359 2949 in.

266 2977 373 3037 terpres
390 2969 440 3022 itle
459 2968 696 3036 chrysorrbenron,
708 2969 777 3022 dixit
799 2971 914 3022 nondum
939 2969 1058 3024 initiatos
1077 2970 1160 3022 inisse
1178 2977 1234 3020 tnm
1254 2977 1360 3036 sposto-

267 3040 311 3096 los
333 3041 446 3094 neodem
471 3041 535 3094 tolia
560 3042 689 3108 conseqni
717 3042 838 3108 potuisse
862 3057 950 3110 neque
976 3057 1009 3092 ex
1038 3041 1190 3092 visibilibus
1216 3055 1287 3108 qnae
1313 3055 1362 3091 non

269 3111 338 3166 lacte
357 3119 448 3165 essent
471 3111 590 3164 visibilia
608 3112 719 3170 vidisse.
767 3114 982 3181 quemadmodum
1005 3113 1088 3178 igitur
1113 3129 1164 3163 nec
1189 3119 1285 3178 postea
1312 3112 1363 3162 lin·
1454 3133 1455 3156 ι

268 3197 339 3250 guae
356 3189 480 3252 tanquam
498 3185 595 3251 igneae
614 3183 770 3249 dispartitae
785 3191 860 3235 erant
887 3184 998 3236 increati
1017 3183 1126 3250 spiritus
1142 3183 1187 3235 sed
1206 3182 1263 3234 illis
1281 3183 1363 3234 mani.
1454 3233 1455 3240 η

270 3254 382 3308 bantus
402 3261 443 3304 est
460 3269 529 3306 nnns
549 3254 685 3306 increatus
703 3256 812 3321 spiritns
835 3263 952 3318 senctns,
971 3256 1008 3305 ita
1028 3269 1079 3305 nec
1098 3253 1144 3306 lox
1164 3269 1233 3323 qnae
1252 3254 1280 3305 in
1299 3254 1365 3306 'lba-

269 3323 336 3376 bore
357 3325 481 3389 apparuit
498 3325 618 3376 increata
632 3333 690 3376 erat
705 3326 753 3377 sed
780 3340 812 3376 ea
830 3325 997 3377 manifestata
1019 3332 1061 3376 est
1084 3325 1177 3378 deitas.
1215 3324 1287 3376 unde
1307 3333 1366 3376 tan

270 3396 330 3448 dem
347 3395 413 3446 dicit
426 3393 558 3445 Palamica
576 3393 625 3447 illa
644 3394 745 3447 lemilin
764 3403 793 3446 nt
811 3395 946 3448 visibilem
966 3396 1091 3446 deitatem
1109 3397 1256 3446 increatam
1277 3403 1304 3446 et
1325 3399 1366 3446 in-

272 3463 443 3518 essentialem
469 3479 529 3516 esse
557 3463 644 3516 lucem
673 3465 747 3517 illam
766 3467 934 3518 contenderit
960 3474 987 3516 et
1005 3467 1153 3538 commixtis
1178 3467 1249 3517 inter
1268 3482 1299 3535 sq
1316 3480 1367 3518 non

271 3534 431 3597 miscendis,
452 3536 527 3619 qnasi
546 3544 653 3588 rentum
671 3537 774 3590 retibus
793 3551 890 3603 capere
908 3529 1052 3588 studuerit.
1084 3545 1165 3604 atqne
1183 3538 1263 3588 etism
1282 3538 1368 3589 silex
1454 3591 1455 3604 η

272 3604 339 3660 solis
358 3606 476 3657 essentia
503 3607 538 3657 sit
561 3607 704 3660 secundum
729 3608 854 3660 loannem
873 3607 1064 3660 Damascennm
1093 3622 1192 3676 eosque
1220 3609 1268 3675 qui
1287 3609 1368 3660 disci.

273 3675 373 3744 plinarn
402 3675 479 3728 hnins
504 3679 623 3742 tradunt,
657 3677 704 3739 illa
734 3692 800 3730 vero
828 3678 894 3730 solis
921 3677 983 3729 lnce
1003 3679 1178 3744 praestantior
1202 3687 1229 3730 et
1247 3680 1369 3745 superior

274 3745 406 3815 quomodo
433 3754 460 3800 et
484 3749 554 3801 unde
580 3735 784 3802 inessentialia?
827 3749 959 3816 quomodo
978 3749 1095 3802 visibilis
1122 3763 1191 3834 qnae
1209 3764 1260 3816 per
1278 3767 1310 3804 se
1327 3753 1368 3802 in-

176 3870 179 3876 ,
275 3816 450 3872 essentialis?
485 3822 508 3871 si
528 3821 596 3872 eninr
615 3820 741 3884 visibilis,
762 3820 915 3874 risibilisne
929 3819 1085 3887 superficies
1104 3822 1164 3884 erit,
1185 3829 1212 3872 et
1230 3824 1255 3874 si
1275 3837 1368 3890 saper·
1411 3857 1414 3866 ‚

274 3888 369 3952 linies,
390 3889 521 3942 accedens
540 3892 648 3944 omnino
670 3899 728 3944 est·
746 3893 769 3943 si
787 3892 934 3974 accadens,
954 3891 1086 3975 quomodo
1107 3890 1197 3943 dous?
1238 3895 1367 3945 accedens

274 3975 329 4016 non
348 3957 425 4014 modo
442 3975 497 4012 non
518 3961 597 4023 deus,
626 3977 718 4014 rernm
735 3977 770 4012 ne
790 3977 837 4014 ens
856 3952 972 4029 quidem.
1016 3963 1053 4013 ita
1071 3970 1101 4014 nt
1118 3963 1164 4030 qni
1182 3971 1327 4015 veneratur
1343 3962 1367 4014 rd
1418 3969 1423 3974 '

276 4030 347 4099 quod
366 4045 419 4082 non
439 4039 480 4082 est
497 4032 599 4083 nesciet
623 4047 654 4083 se
673 4032 779 4084 atbenm
801 4049 834 4085 ex
853 4031 983 4098 polytbeo
1004 4033 1117 4086 lactum.
1143 4049 1194 4085 neo
1214 4035 1285 4085 enirn
1303 4035 1366 4086 miro

275 4101 354 4159 modo
373 4108 414 4154 est
433 4087 770 4168 btbeismnal'olytlreismo
790 4105 938 4166 adiunctus,
963 4106 1033 4157 sient
1050 4107 1176 4156 virtutum
1194 4103 1366 4158 mediocritati

276 4189 345 4242 qnae
363 4173 395 4228 ad
414 4173 642 4237 intemperantiam
671 4181 706 4224 et
704 4175 848 4242 ignaviam
869 4177 1005 4242 portinent
1023 4176 1098 4228 vitis.
1141 4176 1263 4228 deinde
1255 4190 1283 4228 m
1302 4176 1365 4228 scri.

271 4241 461 4318 φιλολογίαν(
484 4243 562 4302 etiem
580 4244 657 4301 deun
678 4245 745 4302 ltosi
769 4247 925 4316 opposuisse
944 4256 971 4304 et
989 4247 1076 4303 bleaoi
1096 4255 1123 4304 et
1139 4257 1254 4322 uterque
1272 4249 1366 4304 vidisse
