2992 4916
289 321 363 398 556
587 323 809 394 urcuuuolu
841 323 1070 396 altmonam

291 491 320 556 δ’
341 488 531 576 οὐδετέρως,
554 487 672 575 τρόπον
695 488 731 553 δέ
750 513 821 554 τινα
849 488 1122 578 τερατωδέστερον
1143 492 1200 559 καί
1222 491 1393 558 άλλάκστον

289 589 371 656 κατά
391 591 448 676 τὴν
469 585 610 658 ἑκάστων
628 590 803 658 ἀδέσποτον
820 594 990 679 βούλησιν,
1013 587 1115 676 οἶμαι,
1134 598 1190 658 τοῦ
1210 596 1288 658 θεοῦ
1311 620 1391 680 συγ-

290 693 507 792 κεχωρηκότος
537 696 582 769 εἰς
611 696 703 758 τοῦτο
725 695 839 772 κακιάς
862 694 1000 782 ῥαγῆναι
1018 692 1198 777 Ῥωμαίους
1230 692 1311 762 alors
1337 694 1392 760 τόν

290 793 381 860 ένδον
399 798 457 878 τῆς
477 796 588 878 ψυχῆς
615 797 759 878 χειμοῦνα
782 797 838 860 καί
858 794 915 879 τὴν
944 797 1019 879 περί
1037 793 1077 860 τά
1100 799 1177 859 θεῖα
1199 800 1255 880 τῆς
1277 798 1390 880 ἐκκλη-

158 906 177 963 d.
188 909 240 966 271
252 896 363 970 ασίας
385 893 527 980 δόγματα
549 896 695 980 ποικιλην
711 896 809 981 ζάλην
827 897 883 960 καί
904 895 1061 962 άστασίαν
1078 895 1132 961 διὰ
1152 900 1215 960 τιῦν
1235 896 1298 975 ἔξω
1321 903 1413 960 raab

289 997 388 1060 οάτων
402 995 573 1080 σχημάτων
596 997 783 1080 δηλοῦσθαι,
806 997 861 1062 καί
879 1000 972 1083 σφῶν
990 997 1094 1060 αὐτῶν
1115 995 1229 1073 αὐτοὺς
1252 996 1389 1062 αῦτόθεν

289 1089 372 1160 εἶναι
392 1096 609 1181 κατηγόρους,
639 1097 673 1161 ἐκ
696 1098 821 1183 πραότης
848 1095 943 1172 εόθῦς
967 1092 1075 1177 ὅψεοός
1096 1096 1208 1162 τεκαὶ
1228 1097 1387 1177 ἐντυχίας.

171 1228 175 1240 ’
219 1196 344 1270 annui
366 1193 475 1280 ιδ’σπερ
508 1195 562 1260 ἐπὶ
590 1197 768 1282 θαλάττης,
801 1194 932 1262 έπειδάν
958 1200 1021 1260 τιῦν
1042 1196 1207 1282 σφετέρων
1238 1196 1388 1281 άγκυριῦν

287 1294 526 1382 όρφανισθτῖσα
556 1299 633 1373 ναῦς
660 1298 790 1382 ἔξωσθῇ
820 1293 901 1382 πρός
927 1293 963 1361 τό
995 1295 1148 1380 πέλαγος,
1179 1298 1302 1381 μσριάς
1333 1295 1387 1361 καὶ

288 1395 504 1481 άτεκμάρτους
520 1394 630 1460 άντλεῖ
646 1394 702 1472 τάς
721 1397 842 1473 πλάνας
854 1399 910 1463 καί
925 1396 997 1473 τοῦς
1012 1397 1186 1474 κινδύνους,
1207 1395 1288 1462 οὕτω
1308 1395 1386 1460 κάν·
1398 1407 1428 1461 m

285 1499 391 1562 ταῦθα
423 1489 492 1572 ἑνός
522 1495 640 1563 άτόπσυ
672 1498 836 1575 δοθέντος,
862 1500 965 1584 μυρία
994 1495 1035 1562 τά
1056 1493 1157 1562 ῦτοπα
1178 1497 1386 1583 ἠκολούθησε,

286 1600 411 1683 πρῶτον
439 1599 498 1681 μέν
527 1597 547 1682 ἦ
576 1601 639 1664 τιῦν
663 1599 821 1685 μεγίστων
849 1601 882 1664 ἐκ
911 1600 1052 1663 παλαιοῦ
1081 1598 1138 1664 καί
1165 1598 1386 1685 περιβλέπτων

286 1700 450 1764 παλατίων
471 1700 527 1765 καί
547 1698 620 1766 ῦσσι
649 1704 712 1766 τῶν
733 1700 855 1778 τοδτοις
870 1700 1104 1785 παραπλησίως
1134 1701 1270 1778 ἐνδόξων
1289 1697 1386 1764 οἴκων

286 1801 495 1886 καθαίρεσις,
525 1801 581 1866 καό
609 1800 676 1884 ἅμα
705 1800 725 1886 ἤ
753 1806 816 1868 τῶν
843 1802 956 1867 κιόνων
988 1803 1044 1868 καί
1064 1806 1127 1868 τῶν
1147 1800 1309 1866 ἐπιπέδων
1330 1799 1386 1864 καί

287 1901 439 1968 ποικίλων
459 1902 515 1967 uel
548 1904 744 1985 θαυμασίων
777 1903 961 1989 μαρμάρων
992 1903 1259 1989 πιπρασκομένων
1279 1904 1384 1986 διηνε-
1395 1907 1425 1962 15

286 2001 343 2088 κὴς
365 2003 445 2091 πρός
463 2002 499 2070 τό
513 2006 543 2070 Γ
545 2004 751 2088 αλατιόνυμον
774 2007 930 2093 φρούριον
954 2006 1117 2092 άπαγωγὴ,
1139 2005 1195 2070 καί
1215 2003 1235 2089 ἤ
1256 2007 1311 2088 τῆς
1333 2004 1383 2068 έν-

284 2107 397 2170 τεῦθεν
416 2107 549 2190 χάριτος
577 2106 679 2170 ἐκεῖσε
709 2106 902 2187 μετάθεσις,
930 2106 986 2170 καί
1020 2105 1081 2171 όσα
1108 2105 1228 2188 κόσμον
1250 2111 1385 2189 παρεῖχε

285 2208 325 2291 τῇ
345 2206 477 2293 μεγίστῃ
505 2201 605 2291 ’ταύτῃ
629 2209 692 2270 τῶν
713 2206 836 2270 πόλεων
862 2206 918 2270 καί
946 2206 1134 2292 περιβόητον
1158 2202 1214 2288 τὴν
1236 2205 1382 2290 λαμπρό-

284 2329 379 2389 τητα·
425 2300 493 2371 εἶτα
514 2308 577 2371 τιῦν
599 2305 694 2392 ἱεράν
711 2307 767 2372 καί
786 2307 886 2373 θείων
907 2306 1122 2373 νεῶν-’ὁπόσοι
1141 2310 1254 2390 μεῖζον
1274 2308 1384 2391 πολλῷ

283 2409 340 2489 τῆς
360 2408 424 2471 τῶν
444 2404 547 2492 ιοἴκων
574 2407 702 2473 ἐκείνων
723 2410 934 2495 περιφανείας
965 2415 1119 2495 παρεῖχον
1148 2409 1189 2495 τῇ
1225 2408 1316 2473 πόλει
1345 2403 1423 2477 vito
1494 2455 1495 2458 =

284 2506 383 2584 κλέος.

214 2645 273 2702 8⁰
386 2612 452 2674 Τοῦ
471 2614 500 2676 δ’
522 2606 601 2696 ἦρος
625 2611 804 2698 ἀρχομένου
826 2609 844 2676 ό
864 2616 928 2676 τῶν
942 2613 1131 2697 Τριβαλλῶν
1153 2607 1293 2696 άρχηγός
1314 2610 1381 2672 ἐτε-

283 2705 394 2796 θνήκει
420 2705 553 2797 Κράλης
574 2713 722 2798 Σερβιάς,
744 2711 800 2778 καί
820 2710 964 2798 θόρυβον
985 2709 1062 2792 ἔσχε
1082 2713 1137 2776 καί
1160 2703 1256 2794 ζάλην
1276 2709 1380 2772 ἐντεῦ·

278 3014 357 3070 σιοδο
375 3021 498 3069 ueutrum
524 3014 617 3067 borum
639 3016 778 3083 praeferre
797 3017 937 3081 videmur,
967 3016 1013 3068 aed
1034 3015 1219 3084 alium-magia
1239 3011 1380 3066 absurdum

281 3095 307 3138 et
326 3088 497 3155 peregrinum
515 3087 739 3155 prosingulorum
759 3088 828 3140 libiti
847 3087 1009 3157 arrogantia.
1029 3103 1107 3156 quam
1123 3087 1156 3138 ad
1175 3085 1380 3152 perversitatem

280 3157 413 3212 Romanos
431 3157 485 3210 labi
502 3167 531 3210 ut
546 3174 597 3227 ego
618 3159 723 3226 quidem
734 3160 831 3227 opinor
847 3161 913 3212 deur
931 3150 1074 3226 profiterea
1094 3158 1203 3225 patitur,
1223 3165 1253 3206 ut
1272 3158 1379 3208 animo.

277 3245 334 3282 rum
353 3230 510 3295 pravitatem
531 3237 558 3281 et
576 3229 763 3282 vehementem
776 3239 885 3298 propter
904 3231 994 3283 divina
1014 3229 1148 3281 ecclesiae
1166 3229 1290 3295 dogmata
1308 3234 1378 3278 tem.

279 3308 407 3368 pertatem
429 3309 456 3352 et
474 3300 650 3352 turbationem
673 3318 706 3353 ex
723 3303 870 3355 istiusmodi
898 3302 1017 3354 externit
1038 3300 1117 3352 rebus
1143 3307 1327 3366 cognoscant,
1350 3306 1378 3349 at

278 3378 422 3439 propterea
448 3379 477 3422 nt
502 3373 659 3440 semetipsi
688 3374 812 3426 incusant
835 3373 923 3424 atatim
953 3373 1088 3438 exprimo
1116 3372 1214 3421 intuitu
1249 3378 1277 3420 et
1304 3384 1378 3421 caan.

279 3441 497 3511 quemadmodum
517 3451 604 3494 autam
624 3445 747 3508 inmari,
766 3445 870 3512 quando
886 3444 992 3495 ancoris
1009 3444 1064 3494 ania
1082 3441 1176 3493 orbata
1196 3449 1237 3491 est
1253 3441 1330 3492 naris
1350 3441 1379 3490 in

279 3512 360 3566 altum
382 3527 413 3564 ea
433 3514 554 3578 proiecta
572 3513 724 3566 innumeras
757 3524 784 3566 et
806 3516 922 3567 infinitas
955 3515 1103 3566 errationes
1123 3521 1150 3564 et
1172 3511 1294 3579 pericula
1318 3511 1378 3574 init,

278 3586 315 3636 ita
334 3582 403 3650 apud
428 3583 491 3634 illua
519 3586 597 3636 uulua
621 3587 661 3636 rei
688 3587 865 3652 perversitate
883 3593 1008 3651 recepta,
1034 3583 1102 3636 hanc
1126 3584 1283 3635 innumerae
1308 3581 1379 3632 aliae

279 3663 388 3709 uenulae
407 3662 477 3706 aunt.
515 3657 627 3722 primum
650 3658 719 3708 enim
732 3656 893 3723 amplissima
913 3658 1021 3724 antiqua
1039 3663 1065 3707 et
1085 3654 1260 3706 celeberrima
1280 3652 1379 3720 palatia

278 3727 374 3780 atalia
394 3743 480 3795 aeque
499 3727 638 3796 splendida
656 3729 779 3781 aedilicia
798 3728 931 3779 destructa
943 3735 1014 3790 aunt,
1035 3734 1062 3778 et
1081 3725 1262 3777 columnarum
1283 3733 1310 3775 et
1327 3738 1379 3789 pa-

277 3799 454 3851 vimentorum
474 3798 566 3865 pulcra
585 3807 611 3850 et
632 3799 749 3851 miranda
767 3813 897 3850 marmora
917 3799 1025 3850 vendita
1045 3805 1072 3848 et
1092 3797 1219 3849 continno
1243 3795 1275 3846 ad
1296 3794 1379 3847 Gala.

277 3875 363 3920 torum
382 3869 521 3921 cartallum
540 3877 737 3937 transportata,
762 3873 853 3937 itaque
873 3869 935 3921 binc
954 3869 1021 3921 illuc
1047 3869 1135 3920 omnia
1153 3874 1309 3919 ornamenta
1327 3866 1380 3916 de.

278 3937 333 3992 lata
351 3947 423 4003 sunt,
443 3940 543 3992 atalia
562 3956 630 4008 quae
652 3942 744 3993 decori
765 3948 840 3992 erant
861 3940 922 3991 buia
942 3940 1001 3991 urbi
1020 3938 1199 4006 amplissimae
1223 3945 1251 3989 et
1268 3944 1379 4003 propter

276 4010 445 4078 splendorem
467 4013 583 4062 omnium
603 4027 651 4064 ora
670 4011 814 4065 celebrata.
852 4011 968 4080 deniqne
986 4010 1056 4062 idem
1073 4010 1171 4062 accidit
1185 4009 1269 4060 naenia
1290 4015 1318 4058 et
1335 4008 1379 4059 di..

276 4083 348 4136 vinia
367 4081 484 4148 templis,
505 4098 574 4151 quae
593 4082 676 4136 multo
696 4085 823 4136 maiorem
844 4099 921 4152 quam
941 4083 1123 4135 aedificiorum
1142 4079 1251 4132 illorum
1271 4079 1379 4148 magni.

280 4154 388 4208 fidentia
407 4153 465 4206 urbi
486 4154 664 4222 praebuerant
683 4154 879 4208 claritudinem.

307 4321 312 4330 .
379 4251 469 4327 Primo
493 4266 561 4304 vere
584 4251 758 4307 Triballorum
786 4256 913 4323 princeps
940 4253 1007 4308 obiit
1029 4251 1122 4308 cruor
1149 4235 1271 4306 sarbiae.
1308 4250 1380 4306 unda
