2992 4918
249 339 472 418 nrsronms
498 340 757 411 αιτιοι-ινιτ
776 338 869 412 sxt.
893 329 959 414 tt.
983 332 1050 414 ta.
1154 341 1201 414 35

118 505 191 582 τείας
211 505 266 573 καί
285 511 394 584 πόλεις
417 513 472 573 καί
489 499 638 592 ἠπείρους
661 510 684 548 “
702 507 756 571 καί
776 505 891 591 νήσους
906 505 962 573 καί
982 509 1048 594 ἰδίᾳ
1071 507 1125 571 κατ’
1147 510 1234 590 ‹tq-r.
1249 521 1334 578 103⁸·

119 609 212 694 μοσίᾳ,
236 609 493 693 α’νατρεπόμεναν
515 611 543 672 δ’
564 601 607 672 ud
639 608 757 686 όξτίαις
780 613 1011 692 συνανατρὲπει
1033 603 1147 695 ῥοπαῖς
1167 607 1206 674 τό

119 733 148 771 τε
165 707 248 774 κοινοὶ
271 714 329 774 καί
350 712 424 775 καθ’
447 713 563 775 ἕκαστα
583 713 646 774 ταῖν
667 709 864 795 πραγμάτων
882 702 941 775 όσα
964 708 1075 776 πόλεσί
1096 736 1131 775 τε
1153 709 1209 775 κατ’

119 812 276 886 πολιτείαις
292 808 526 892 ἐγκαλινδεῖται
539 810 821 897 παρανομούμενα,
836 813 970 900 μηδαμῇ
984 819 1051 888 τοῖς
1064 813 1207 897 παρανό-

99 929 179 988 5μοις
194 920 338 976 συνεῖναι
360 911 459 997 φύσιν
475 914 607 996 ἐχούσης
628 916 683 997 τῆς
704 907 836 997 ἑδραίας
853 914 1005 996 διαμονῆς
1019 919 1075 978 κατ’
1095 923 1209 1000 κρηπῖ-

119 1010 172 1094 δος,
188 1011 252 1075 αλλ’
268 1009 303 1076 ἒν
317 1013 358 1076 ου’
368 1016 481 1099 μακρῷ
494 1017 539 1102 τῷ
551 1011 658 1104 χρόνῳ
674 1014 774 1103 ῥᾷστα
785 1007 997 1098 σαλευομένης
1008 1014 1062 1079 καί
1077 1018 1209 1080 διαλυσ-

116 1116 199 1195 μενης
210 1106 337 1198 ἇπόσης
349 1116 497 1196 προνοίας
510 1117 707 1200 συνδετικῆς,
720 1107 825 1198 οἵσπερ
841 1112 994 1196 ἁρμονίας
1007 1116 1207 1203 ῥηγνυμένων

116 1215 168 1274 τόν
185 1215 324 1296 χορδιόν.
350 1217 406 1298 τῆς
426 1213 486 1298 γὰρ
509 1215 649 1280 καθόλου
670 1217 830 1289 πολιτείας
846 1212 1064 1301 ὑγιαινούσης,
1086 1213 1207 1336 οἷνοὶγκη

117 1308 206 1396 δήπου
228 1315 286 1378 κατ’
306 1341 347 1380 τα
369 1318 453 1442 μέρη
484 1319 587 1391 καλαῖς
618 1315 825 1380 ἀπαλλάττειν
853 1313 1138 1441 συνεξομοιούμενα
1163 1319 1207 1405 aqi

86 1407 146 1478 ott
148 1437 186 1502 ρ,
214 1415 366 1501 καθάπερ
391 1409 447 1480 ουν
468 1419 649 1482 τούναντίον
669 1416 821 1501 νοσούσης
852 1443 905 1482 και
928 1419 1009 1482 orinal
1034 1425 1206 1499 συννοσεῖν,

117 1511 213 1594 οεςίς
235 1516 421 1602 αἷρχὲτυπον
442 1543 499 1603 την
518 1523 654 1603 μίμησιν
677 1517 880 1639 ἀναφέροντα
903 1524 958 1583 καί
978 1519 1129 1605 μόρτυρα
1151 1523 1208 1600 βε-

117 1619 245 1702 βοιωτην
267 1643 326 1702 της
349 1623 462 1694 κακίας
483 1625 735 1704 προενηνεγμένα
764 1645 820 1704 την
843 1619 1049 1705 πολιτικην’
1030 1647 1132 1706 αρχην
1155 1647 1207 1686 και

119 1719 311 1785 κατάστασιν.
338 1723 460 1796 δίκαιος
479 1724 587 1786 τοίνυν
610 1721 628 1784 ό
651 1725 759 1806 κύριος
783 1716 842 1803 ὧν,
867 1727 921 1788 καί
942 1720 1146 1800 δικαιοσύνας
1168 1723 1275 1800 nim

119 1817 147 1883 τό
169 1821 249 1896 εἰκός
273 1818 429 1906 αἷγαποόν,
457 1819 540 1905 όψοῖ
566 1827 688 1904 μᾶλλον
718 1823 795 1909 ἔθνη
824 1821 846 1888 ό
866 1822 911 1907 μὴ
934 1823 1029 1906 νόμον
1050 1827 1108 1904 μὲν
1132 1823 1208 1908 ἔχει,

88 1931 112 1982 15
121 1919 205 2006 φύσει
220 1926 255 1988 δὲ
276 1926 319 1988 τὰ
341 1927 397 1988 τοῦ
421 1926 519 2006 νόμου
538 1933 626 1990 ποιεῖ
644 1925 724 1990 torol
742 1927 796 1990 τόν
815 1931 903 1990 θεῖον
921 1926 1102 2008 α’πόστολον,
1125 1935 1217 2008 μισεῖ

122 2023 150 2086 δὲ
162 2025 192 2089 οἳ
206 2028 262 2108 ζῆν
275 2031 340 2108 μὲν
361 2018 497 2112 Ιἧρηνταί
507 2052 541 2092 τε
565 2030 618 2091 καί
637 2031 857 2113 ἐπηγγείλαντο
873 2027 950 2093 κατὰ
966 2027 1038 2104 τούς
1052 2031 1106 2110 τῆς
1122 2028 1215 2092 edos-

120 2129 199 2204 βείας
214 2125 364 2209 δεσμούς
383 2130 437 2190 καί
456 2127 595 2210 νόμους,
612 2126 715 2213 ἔργοις
738 2132 766 2192 δ’
789 2130 897 2220 αὐτοῖς
917 2131 1214 2211 καταψευδομένους

117 2229 175 2290 τόν
194 2230 393 2312 ἐπαγγελιῶν
419 2233 474 2292 καί
495 2232 740 2312 α’ποσειομένους
757 2230 860 2296 πάντα
883 2228 1082 2313 δικαιοσύνης
1098 2225 1214 2292 κανόνα

119 2326 165 2390 καί
185 2326 347 2414 στάθμην
381 2329 397 2394 ό
415 2328 474 2416 γὰρ
494 2333 695 2455 δικαιοσύνην
713 2337 772 2453 μὲν
788 2328 1083 2453 ἀποστρεφόμενος,
1089 2330 1215 2427 α’δικίιις

87 2429 145 2488 to‘t
87 2429 426 2515 λλόνθαιρούμενος
447 2431 598 2516 κλήρους,
622 2458 674 2496 και
697 2432 774 2517 μήτε
797 2435 873 2510 τούς
896 2436 1004 2508 θείους
1026 2416 1215 2538 αιδοόμενος

73 2587 79 2594 .
119 2523 248 2614 νόμους,
278 2537 488 2656 περιφρονῶν
519 2535 547 2596 δ’
577 2531 827 2617 α’νθριόπινον
812 2561 940 2600 απασαν
971 2531 1090 2618 τύχην,
1123 2533 1215 2609 ουτος

121 2627 256 2717 ἀφώρισε
278 2636 343 2716 μὲν
364 2627 444 2701 εκοόν
466 2659 500 2720 γε
523 2629 606 2701 εἶναι
627 2639 707 2700 θεοῦ
733 2639 789 2701 τοῦ
810 2641 865 2722 τῆς
886 2632 1018 2721 δίκης
997 2658 1125 2720 εχοντος
1143 2629 1217 2707 ῐθῦς

123 2926 160 2964 res
176 2916 321 2969 universas
345 2923 372 2966 et
391 2915 511 2984 singulas
536 2917 652 2980 evertit,
678 2930 756 2983 qnae
770 2913 929 2983 illegitimae
952 2915 981 2966 in
1009 2915 1162 2968 civitatibus
1190 2923 1217 2968 et

124 2985 222 3039 urbibus
241 2994 399 3052 versantur,
419 3004 498 3056 quum
516 2987 592 3040 nullo
613 2995 692 3056 pacto
711 2986 801 3052 rebus,
821 3003 889 3070 quae
911 2986 968 3054 legi
988 2995 1147 3053 repugnant,
1167 2987 1216 3038 fir-

124 3069 285 3129 numasque
305 3057 402 3111 stabile
422 3059 737 3114 fundamentumsubessc
757 3060 850 3126 possit,
870 3061 917 3112 sed
934 3057 1011 3110 brevi
1029 3066 1216 3124 temporeom-

124 3127 159 3178 nis
176 3131 365 3198 providentia,
387 3147 455 3198 quae
472 3132 664 3216 rempublicam
683 3132 827 3196 contineat,
847 3132 880 3184 iis
902 3132 1052 3199 exagitetur
1071 3139 1097 3180 at
1115 3130 1216 3182 dissol-

126 3209 192 3253 uatur
210 3203 370 3256 harmoniae
389 3200 487 3269 instar,
500 3221 579 3273 quum
599 3203 715 3258 chordae
736 3205 927 3270 dirumpuntur.
965 3211 994 3254 ut
1013 3204 1091 3267 enim,
1100 3218 1122 3255 si
1132 3211 1216 3255 totum

127 3272 233 3328 civitatis
253 3291 356 3343 corpus
375 3291 466 3328 sanum
487 3284 536 3340 est,
557 3278 636 3328 etiam
655 3273 771 3327 membra
791 3291 849 3326 cum
870 3291 902 3325 eo
931 3275 1119 3326 concordantia
1145 3275 1216 3326 beno

127 3358 178 3394 susc
195 3346 300 3400 habere
318 3363 432 3400 necesse
452 3357 509 3412 est,
535 3349 574 3399 sic
594 3355 704 3411 contra,
724 3347 769 3398 ubi
789 3344 857 3398 illud
875 3354 1015 3414 aegrotat,
1043 3347 1121 3397 etiam
1149 3346 1217 3398 haec

127 3429 173 3465 non
188 3427 303 3484 possunt
321 3433 375 3469 non
393 3435 475 3503 aegre
494 3419 589 3470 affecta
608 3435 686 3484 esse,
712 3419 810 3486 quippe
829 3433 896 3484 quae
916 3418 943 3468 id
961 3426 1085 3486 tanquam
1105 3419 1217 3484 primum

129 3489 246 3552 quoddam
269 3489 408 3557 exemplar
426 3491 562 3542 imitentur
582 3501 661 3558 atque
681 3491 798 3542 civitatis
818 3489 1038 3557 gubernationem
1064 3505 1095 3540 ac
1121 3497 1218 3540 statum

129 3565 153 3608 ut
168 3561 323 3614 vitiositatis
343 3570 437 3613 testem
455 3562 695 3645 locupletissimum
717 3561 862 3628 proferant.
901 3561 1021 3612 dominus
1041 3569 1144 3624 autem,
1172 3560 1218 3628 qui

125 3628 202 3686 iustus
222 3643 265 3687 est
286 3641 322 3698 et,
342 3625 605 3699 inconsentaneum,
625 3635 753 3686 iustitiam
771 3640 849 3696 amat,
869 3633 902 3683 ad
920 3634 1045 3683 maiorem
1064 3633 1220 3684 felicitatem

131 3702 212 3754 evehit
230 3703 361 3775 gentiles,
382 3708 436 3774 qui,
457 3713 486 3756 nt
506 3707 667 3758 aitsanctus
686 3704 834 3773 apostulus,
843 3719 998 3772 quamquam
1007 3703 1108 3756 nullam
1122 3703 1220 3754 habent

131 3768 217 3855 legem,
237 3786 329 3829 tamen
349 3785 443 3829 natura
462 3779 530 3829 duce
551 3779 608 3829 cius
627 3777 779 3845 praeceptis
801 3776 992 3842 obsequuntur,
1013 3776 1068 3828 odit
1087 3789 1153 3828 uero
1173 3789 1220 3828 eus

132 3845 169 3925 qui
187 3849 319 3928 quidem
312 3864 340 3899 ια
360 3865 389 3901 sc
420 3857 597 3916 susceperunt
614 3857 694 3917 atque
713 3847 828 3915 professi
848 3855 909 3898 sunt
927 3863 956 3900 se
981 3848 1124 3899 secundum
1151 3846 1220 3897 reli-

132 3915 209 3978 gionis
228 3921 354 3972 instituta
376 3919 507 3988 legesque
528 3936 586 3972 csse
606 3922 736 3983 victuros,
756 3918 1141 4002 actionibustamenpromissa
1159 3917 1221 3969 elu-

133 3983 188 4038 dunt
206 3999 231 4042 et
251 4007 346 4042 omnes
365 3992 483 4043 iustitiae
501 4007 607 4044 normas
626 4008 657 4043 ac
676 3989 785 4058 regulas
805 3990 943 4042 abiiciunt.
981 3991 1026 4057 qui
1054 3991 1132 4042 enim
1141 3990 1222 4041 iusti-

133 4057 186 4108 tiam
205 4071 348 4114 aversatus
367 4064 515 4114 iniustitiae
535 4063 704 4131 amplectitur
721 4070 806 4114 sortes
829 4069 856 4112 et
875 4060 980 4128 legibus
1000 4062 1098 4114 divinis
1124 4061 1222 4128 spretis

134 4125 263 4186 humanans
282 4133 433 4203 quamlibet
454 4135 585 4186 fortunam
606 4133 802 4198 circumspicit,
828 4135 851 4184 is
876 4133 1017 4185 manifesto
1043 4149 1072 4186 se
1095 4131 1224 4184 disiunxit

134 4212 174 4251 sua
194 4215 288 4272 sponte
308 4221 324 4256 a
343 4205 394 4256 deo
415 4206 532 4258 institiae
551 4206 648 4259 solium
666 4213 785 4268 tenente,
804 4214 884 4271 atque
904 4219 962 4256 cum
986 4205 1092 4258 diabolo
1114 4211 1222 4255 contra·

134 4271 168 4321 xit
180 4273 399 4330 familiaritatem.
438 4293 491 4346 qua
510 4279 543 4330 de
563 4293 642 4331 causa
660 4278 688 4330 in
707 4276 758 4329 illa
776 4283 857 4338 terra,
877 4275 923 4327 ubi
941 4271 1222 4336 taliaserunturmala,
