2926 4906
184 365 401 434 nisromm
426 363 683 432 ommium
702 299 840 432 xnus.
855 341 1043 434 ἀλλ-47.
1100 309 1175 432 ooo

180 527 348 613 Ἀκηκόατε
367 525 423 611 τὴν
453 527 507 595 ἐπὶ
535 529 624 615 κακῷ
646 525 824 614 συμφωνῆν
855 531 911 593 τοῦ
930 531 1080 611 Παλαμᾶ
1101 524 1180 613 περί
1186 532 1242 585 4⁰

93 651 123 694 ss
142 631 195 695 coti
224 633 257 695 ἐν
279 629 440 718 Θαβονρίῳ
475 629 601 717 φωτός,
637 625 685 694 ότι
718 629 1011 720 μεταμεμόρφοιται
1040 627 1121 714 πρός
1140 626 1175 694 τὸ

95 726 228 796 ἀκτιστον
259 732 291 794 ἐκ
312 734 369 796 τοῦ
388 733 570 816 κτίσματος,
601 730 657 795 καὶ
687 726 736 796 ὅτι
757 729 909 816 ἀρραβών
938 733 994 796 τοῦ
1011 730 1178 812 μέλλοντος
1242 725 1245 731 ’

93 829 202 896 ebosus*
223 829 327 918 φωτός
344 831 489 917 ἐγεγόνει.
530 830 653 915 γνοίητε
673 833 703 895 δ’
726 826 765 894 ἀν
781 830 1004 916 ἀκριβέστερον
1025 831 1081 902 καί
1103 827 1178 896 ὅσον

71 929 121 1001 ssd
142 933 196 1015 τῆς
218 932 329 1008 κακιάς
348 931 485 1017 ταυτησί
501 932 657 1018 μέγεθος,
676 930 807 996 ἐπειδὰν
826 931 881 996 καὶ
900 930 973 1007 τοὺς
993 937 1060 998 καί
1083 928 1178 1014 αάιῆς

91 1030 231 1116 ἐλέγχους
251 1030 306 1120 ἀφ’
329 1034 420 1117 ἡμῶν
442 1033 625 1108 ἐντιθέντας
648 1031 819 1115 ἀκούσητε,
851 1029 983 1107 ἀποίους
1002 1032 1058 1096 καί
1079 1029 1177 1106 όσους

92 1131 202 1199 cirins
222 1137 319 1222 σοφοὶ
338 1139 394 1220 τῆς
414 1136 469 1199 τοῦ
487 1135 569 1197 θεοῦ
590 1135 756 1218 ἐκκλησίας
775 1131 958 1217 προστάται,
980 1134 1085 1218 λόγοις
1107 1129 1176 1214 ἅμα

91 1235 140 1300 nui
162 1235 265 1321 ἔργοις
280 1237 470 1322 ἐρρωμένως
485 1236 699 1319 ἐνηθληκότες,
717 1233 958 1320 συνεγράψαντό
976 1256 1009 1298 τε
1029 1234 1084 1299 καὶ
1098 1230 1175 1316 ἡμῖν

90 1341 233 1417 τοΐςζμιι)
264 1336 404 1411 ἐκείνους
433 1336 520 1399 ἐοῦσι
546 1335 736 1417 συμμαχίας
763 1333 1074 1418 προεμνηστεόσαννο
1094 1357 1174 1418 κρα-

59 1435 186 1518 ιοτίστης
220 1432 402 1520 ἀπόμνημα.
452 1436 636 1522 προῄδεσαν
665 1433 727 1519 γὰρ
748 1435 877 1510 ἐκεῖνοι,
907 1437 954 1520 τῷ
974 1434 1052 1520 θείῳ
1074 1457 1174 1521 φοινι-

91 1533 209 1617 ζόμενοι
230 1535 393 1619 πνεύματι,
414 1533 469 1620 τὴν
490 1538 523 1602 ἐν
542 1538 589 1622 τῷ
608 1534 692 1600 τέλει
709 1539 772 1599 τῶν
790 1533 915 1598 αιἰόνοον
932 1537 988 1618 τῆς
1009 1535 1175 1617 εἶκονομα-

87 1634 157 1712 χίας
177 1635 354 1718 ἀναβίωσιν
375 1638 528 1719 ταυτηνί,
558 1632 597 1719 ἢν
618 1635 784 1717 Παλαμιῖς
814 1634 873 1717 μὲν
903 1632 1039 1718 ἀόίνησέ
1060 1658 1094 1698 τε
1121 1633 1177 1698 καὶ

89 1733 192 1813 ἔτεκεν,
215 1735 248 1800 ai
273 1737 308 1800 δὲ
328 1737 497 1819 τηνικαῦτα
518 1734 684 1820 ἡγεμονίαι
708 1735 764 1800 καί
782 1736 926 1813 ἐξουσίαι
946 1739 1001 1800 τοῦ
1022 1736 1178 1822 παρόντος

91 1837 196 1913 αἰῶνος
216 1837 273 1900 sat
294 1836 427 1912 σκότους
458 1834 512 1900 ἐπὶ
533 1834 659 1921 πονὴρῳ
686 1839 750 1901 τῶν
771 1834 914 1922 πατρίων
936 1836 1101 1922 όογμότων
1121 1841 1177 1922 τῆς

58 1937 138 2005 νὸτοό
154 1937 232 2000 θεοῦ
263 1937 433 2018 ἐκκλησίας
462 1934 668 2018 ἀνειληφυῖαι
699 1939 805 2012 κακῶς
831 1936 1040 2019 ἐμαιεόσαντό
1065 1936 1176 2002 τεκαὶ

89 2035 271 2122 ἔξέθρεψαν.
293 2027 337 2099 ὧν
356 2028 616 2120 εἷςπροβληθεές
628 2035 682 2101 ἐπὶ
697 2037 754 2099 τοῦ
765 2034 921 2121 παρόντος
942 2037 1072 2123 ἀρκέσει
1092 2039 1174 2120 κάμ-
1187 2049 1240 2106 d!

90 2157 184 2213 νοντας
201 2135 293 2221 ἡμᾶς
316 2135 521 2220 ἀναρρῶσαι,
552 2135 607 2198 καὶ
639 2132 706 2218 ἅμα
728 2133 845 2212 ἱκανῶς
873 2137 907 2200 ἐν
928 2139 1049 2222 βραχεῖ
1066 2161 1174 2223 nopo-

93 2239 192 2319 σιῆσαι
209 2234 249 2302 τὰ
271 2239 328 2319 τῆς
348 2235 462 2312 κακίας
473 2234 645 2317 νεμόμενον
667 2232 761 2311 ἀναν,
779 2237 878 2322 μέχρι
899 2236 1001 2302 πόσου
1018 2237 1078 2320 μὲν
1101 2235 1174 2300 ἀτο-

89 2335 154 2412 πίας
173 2338 320 2416 ἐξώκειλε
348 2334 417 2402 τότε
436 2336 535 2420 μέχρι
567 2333 668 2400 πόσου
692 2335 726 2400 δὲ
750 2338 805 2400 νῦν
826 2338 1016 2423 προήνεγκεν
1035 2333 1176 2422 ηιλξηκολς

53 2437 263 2520 ηηΠαλαμᾶς,
285 2433 478 2521 προσλαβῶν
497 2436 557 2518 μὲν
577 2433 634 2510 τὰς
654 2437 776 2500 ἐκεῖθεν
799 2421 973 2522 εὑρημένας
994 2435 1100 2524 ῥίζας,
1121 2435 1177 2521 καί

86 2533 338 2622 προσεπενεγκών
357 2533 415 2610 τὰς
436 2532 562 2600 οἴκοθεν
581 2534 801 2623 ἐφευρημένας
821 2537 1027 2623 μιαρωτέρας
1046 2536 1176 2623 προφά-

86 2659 155 2714 σεις.
199 2638 372 2722 Θεόδωρος
393 2633 456 2721 γὰρ
479 2633 497 2700 ό
520 2633 617 2712 πολὺς
637 2637 696 2720 μέν
713 2634 770 2720 τὴν
798 2639 918 2723 σοφίαν
940 2634 1039 2713 πολός
1064 2637 1099 2701 δὲ
1120 2636 1176 2701 καί

83 2733 133 2819 τὴν
152 2741 379 2824 ἐμπεφυκυῖαν
411 2734 523 2820 ἀρετήν
543 2760 577 2800 τε
599 2737 655 2801 καί
678 2735 820 2814 σόνεσιν,
852 2733 970 2820 πολλὴν
996 2734 1052 2821 τὴν
1073 2759 1176 2802 σπου-

85 2835 136 2919 δὴν
156 2840 188 2904 ἐν
207 2844 276 2914 τοῖς
296 2835 377 2902 κατὰ
397 2840 461 2902 τεόν
491 2837 706 2922 εἰκονομάχων
740 2839 858 2923 ἀγῶσιν
887 2839 1123 2924 ἐπιδειξόμενος
1143 2841 1176 2914 ἐς

174 3115 272 3170 Itouna
289 3116 400 3170 audistis
417 3116 561 3183 improbam
571 3114 694 3170 Palamss
713 3115 917 3170 consensionem
936 3116 970 3168 de
988 3115 1050 3167 luce
1069 3115 1097 3168 in
1106 3113 1176 3170 Ἠνι-

82 3185 137 3250 bor,
155 3195 406 3255 permutatsm‘cam
426 3203 485 3240 csse
505 3189 651 3239 increatum
682 3203 714 3238 ex
736 3196 842 3252 creato,
867 3195 893 3240 ct
918 3187 1023 3240 futurae
1044 3185 1112 3239 lucis
1131 3189 1176 3253 pi.
1271 3199 1276 3218 ·

83 3273 146 3325 gnus
168 3257 288 3312 iactam?
307 3259 478 3327 cognoscetis
498 3266 585 3308 autem
606 3257 802 3326 intelligentius
824 3265 850 3309 et
870 3258 903 3310 ad
921 3258 999 3310 huius
1017 3258 1176 3324 improbita.

83 3329 115 3380 tis
133 3330 351 3399 magnitudinem,
371 3345 449 3398 quum
468 3330 586 3380 eiusdem
604 3329 894 3382 ruiutatioucsanobis
909 3331 1043 3396 expositas
1061 3329 1175 3382 audive-
1274 3353 1277 3360 ·

83 3399 149 3464 ritis,
168 3399 264 3469 quales
284 3408 311 3453 ct
331 3416 407 3468 quum
427 3400 498 3452 docti
516 3399 590 3452 iliius
609 3401 736 3466 temporis
763 3401 895 3452 antistites
915 3401 1022 3452 divinae
1043 3399 1176 3452 ecclcsiae

23 3499 25 3505 ·
85 3476 109 3519 ct
127 3471 204 3524 dictis
224 3478 252 3522 ct
269 3470 346 3522 iactis
367 3471 471 3523 fortiter
489 3479 638 3539 pugnantes
657 3472 866 3538 conscripserint
886 3479 912 3523 et
936 3471 1013 3522 nobis
1038 3487 1097 3522 curn
1119 3469 1175 3522 ittis
1235 3483 1240 3493 ’

84 3541 285 3598 conserentibus
304 3542 336 3594 ud
358 3542 531 3596 firmissimum
553 3544 686 3609 pugnandi
707 3545 862 3596 sociotatem
890 3543 1104 3594 commentarium
1125 3557 1175 3608 pa-

83 3613 210 3664 raverint.
247 3621 499 3680 praecognoverant
518 3614 586 3664 enim
606 3612 648 3665 illi
667 3613 758 3666 divino
777 3613 872 3678 spiritu
891 3612 1033 3664 illuminati
1059 3614 1085 3664 in
1106 3620 1176 3664 mm-

83 3695 175 3746 porum
194 3684 287 3734 ordino
306 3683 506 3736 iconomachicae
525 3682 768 3736 hancrenutiouem
785 3698 860 3749 quoni
876 3683 1099 3751 Paismasgeuuit
1111 3697 1176 3749 pro.

83 3752 206 3820 tulitque,
225 3755 337 3820 imperia
355 3761 443 3806 autem
461 3753 535 3804 itlius
553 3755 680 3820 temporis
700 3761 726 3804 ct
745 3761 890 3819 potestates
907 3763 1014 3806 nostrae
1034 3756 1130 3806 aetatis
1149 3760 1177 3804 et

83 3821 205 3891 coliginis
233 3825 265 3876 sd
284 3826 428 3891 patriorum
447 3824 554 3875 divinae
574 3823 706 3877 ecclesiae
724 3823 873 3889 dogmatum
890 3825 1035 3890 perniciem
1054 3832 1176 3891 receptas

82 3893 185 3946 uciarie
204 3895 367 3948 sustulerunt
388 3903 415 3947 et
432 3895 609 3961 nutriverunt.
646 3908 758 3961 quorum
777 3909 844 3944 uuus
863 3895 890 3946 in
899 3897 984 3946 aciem
993 3904 1104 3948 vocatus
1124 3895 1175 3946 hoc

82 3969 201 4030 temporo
218 3966 336 4018 sufficiat
353 3964 534 4018 laborantibus
554 3964 632 4018 uobis
649 3964 801 4016 recreandis
821 3972 848 4016 et
869 3965 901 4018 ad
917 3966 1106 4018 breviomncm
1126 3966 1176 4016 de-

82 4043 234 4098 pascentem
264 4036 458 4104 improbitatem
487 4035 590 4087 abunde
614 4036 826 4101 proponendam,
852 4049 904 4103 qus
930 4038 1088 4103 ineptiarum
1113 4044 1176 4086 tunc

82 4104 220 4158 deflexerit
240 4116 267 4158 et
285 4122 337 4176 quo
357 4123 428 4160 nuuc
447 4105 589 4175 protulerit
599 4114 689 4158 coctas
700 4105 829 4168 Palamas',
843 4109 960 4174 receptis
971 4108 1102 4160 radicibus
1113 4107 1175 4157 inde

81 4174 199 4228 inventis
218 4186 245 4232 ct
262 4180 357 4232 additis
376 4179 484 4246 proprio
504 4185 587 4230 marte
606 4178 720 4242 repertis
740 4177 850 4244 impuris
859 4178 1014 4231 rationibus.
1051 4176 1175 4234 Theodec

81 4260 126 4300 rus
143 4248 214 4300 enim
229 4250 351 4306 doctrina
371 4249 508 4304 excellens
527 4257 554 4301 ot
572 4249 672 4302 virtuts
692 4250 796 4304 rationo
814 4264 936 4320 magnum
950 4247 1175 4316 inicononsacbi·
