2910 4896
198 373 418 460 nrsronran
442 374 701 442 auzaumuln
719 361 1034 453 aurudo-39.
1107 363 1178 446 ate

20 479 22 514 η
308 471 311 483 .

20 553 21 614 Ῑ
106 536 205 617 α’ξέωμα
229 529 295 618 σόν,
328 540 360 612 ές
386 537 645 622 Πελοπόννησον,
679 543 818 620 πέμπτον
848 539 915 616 έτος
936 533 997 625 ἤδη
1024 543 1087 604 τοῦν
1116 542 1186 605 έκεῖ

20 625 38 708 j¹
100 635 259 716 Ῥωμαϊκῶν
280 644 409 720 χοιράων
436 641 491 708 κατ’
510 637 631 703 πόλεσιν
655 637 712 723 την
740 637 911 724 ἐπιτροπήν
936 641 1072 710 διοικῶν.
1115 639 1181 706 ὁδ’

103 738 142 800 e'nr'
158 738 292 821 θυγατρὶ
312 738 468 821 γαμβρός,
505 741 628 806 Κόντου
660 743 866 826 Κεφαληνίας
889 751 983 822 παῖς,
1006 740 1108 808 Αἴνου
1129 746 1183 828 τῆς

104 837 203 914 πόλεως
222 833 261 924 η’ν
281 842 457 925 ἐπίτροπος,
478 840 532 906 κατ’
552 839 586 906 εἴ
602 867 633 906 τι
653 845 744 925 πέριξ
763 841 899 927 ὑπῆρχε*
915 847 1034 927 χωριόν
1057 830 1181 928 βαρβο.

20 933 22 992 s
86 941 176 1022 ὀρικῆς
195 939 301 1006 duaco
324 937 370 1005 ἔτι
393 944 605 1026 καταδρομῆς.
659 942 721 1005 ταῖν
744 945 778 1008 δὲ
799 948 1062 1030 γυναικοιδέλφων
1085 950 1184 1027 σεβα-

20 1089 21 1098 ,
105 1038 552 1127 στοκροιτόροον,Ἰο)άννηςμέν
573 1041 665 1125 ἔτυχε
696 1048 740 1132 τῷ
764 1043 979 1132 Παλαιολόγιρ
1006 1049 1084 1122 τέως
1106 1071 1185 1111 συν-

20 1151 22 1220 ξ
105 1140 289 1220 διαιτώμενος
311 1145 355 1230 τῷ
376 1148 508 1224 βασιλεῖ
512 1190 523 1221 ,
544 1147 658 1226 τειχῶν
674 1148 862 1224 Βυζαντίων
884 1144 989 1226 έντός,
1020 1141 1133 1230 άτερος
1154 1151 1185 1212 δ’

20 1309 22 1326 η
103 1231 167 1320 η’ρχε
187 1239 306 1326 Βιζόης
336 1237 535 1328 όΜανουηλ
558 1247 592 1309 ἐκ
622 1247 740 1309 πολλοό
762 1241 818 1327 την
851 1243 1024 1328 ἐπιτροπὴν
1045 1244 1185 1331 εἷληφοδς

105 1338 165 1418 πρὸς
187 1344 241 1405 τοῦ
263 1346 550 1428 Καντακουζηνοῦ·
598 1342 630 1410 αἶ
653 1344 763 1409 λοιπαὶ
794 1347 822 1409 δ’
845 1343 1012 1425 ὑπέκυψαν
1034 1351 1185 1412 flotano-

21 1495 22 1500 ,
76 1439 168 1528 Ιῦλόγιρ
187 1445 227 1529 τῷ
248 1447 381 1524 βασιλεῖ
396 1441 511 1510 όπόσαι
529 1447 624 1532 μήπω
644 1446 820 1529 βαρβάροις
840 1447 1048 1529 προδέδοντοι
1068 1446 1186 1524 πόλεις.

188 1545 310 1628 Mancia
343 1546 371 1607 d’
395 1543 488 1628 ε’γγός
510 1535 599 1611 δυοῖν
626 1546 745 1629 μεταξό
770 1546 1034 1634 παρερρυηκότωυ
1055 1539 1127 1632 ἧκεν
1151 1547 1251 1614 έκδθ

109 1645 226 1708 Τενέδου
257 1646 313 1709 κατ’
347 1644 365 1707 ό
388 1644 570 1722 Κάλλιστος
592 1643 673 1712 οὕτω
702 1645 1107 1734 λεγόμενος,-πατρια’ρχης
1126 1653 1186 1730 μὲν
1204 1667 1312 1738 ’·’“.,

105 1736 173 1806 εἶναι
204 1738 550 1829 συγχωρηθείςςαόθις
582 1749 662 1833 πρὸς
685 1748 911 1830 Παλαιολόγου
943 1750 1002 1814 τοῦ
1029 1737 1185 1832 βασιλέως
1262 1779 1266 1786 “

105 1839 149 1906 ire
170 1842 342 1928 έζηλιοκιός,
359 1846 402 1922 ὥς
422 1845 538 1931 ἔδοξεν,
560 1846 640 1932 όπὲρ
657 1852 769 1934 ου’τοό,
785 1851 828 1934 μὴ
849 1849 1054 1933 στεργόμενος
1074 1853 1104 1915 δ’
1121 1843 1187 1936 orio,

76 1945 184 2030 15εἶμη
214 1945 249 2010 τό
273 1946 351 2012 κατά
384 1946 537 2034 βοόληοιν
574 1947 659 2039 δρῴη
681 1952 778 2040 αότῷ.
830 1946 848 2013 ό
876 1953 936 2032 μέν
951 1948 1015 2034 γάρ
1040 1949 1187 2033 έβοόλετο

103 2043 225 2132 πάντας,
246 2045 427 2134 συλλήβδην
452 2055 561 2132 εἰπεῖν,
585 2051 776 2126 ἐπισκόπους
803 2052 858 2114 καί
880 2055 1114 2134 πρεσβυτέρους
1134 2054 1188 2135 τῆς
1254 2127 1260 2132 ,

107 2137 294 2232 έπισκοπικῆς
324 2155 470 2215 καθελεῖν
499 2153 605 2232 άξεάς·
659 2157 791 2234 βασιλεῖ
814 2154 842 2215 δ’
875 2151 933 2214 οόκ
954 2144 990 2233 ἢν
1011 2150 1079 2231 οὐδ’
1101 2155 1188 2216 όποο-

106 2249 167 2311 coia
189 2248 315 2314 άυεκτόν
349 2251 380 2316 εἰ
399 2250 457 2336 pap*
477 2251 623 2338 ἀλληλοις
656 2254 766 2339 ,άφτόσι
801 2251 1026 2336 τάγκλήματα,
1061 2248 1190 2316 συνιόν-

107 2372 147 2422 τες
167 2350 209 2425 εἰς
232 2353 274 2416 έν.
333 2353 396 2433 όψέ
416 2377 451 2437 γε
473 2352 537 2439 μὴν
558 2354 613 2418 κατ’
645 2353 770 2440 σφόδρα
791 2352 884 2436 μόγις
917 2353 1013 2436 ἡτοῦ
1034 2356 1191 2435 βασιλέως

76 2449 324 2537 λλοιλάυδρωπος
356 2459 492 2539 νενίκηκε
511 2453 675 2540 βούλησις.
703 2530 707 2536 .
730 2455 771 2518 ου’
794 2457 906 2530 τελέως
925 2457 984 2536 μὲν
1005 2460 1142 2538 νενίκηκε
1163 2457 1190 2518 δ’

106 2545 162 2616 odo.
205 2564 267 2630 τοῖς
289 2559 348 2636 μὲν
369 2553 430 2638 γάρ
455 2554 636 2631 ἐπισκόποις
658 2560 713 2620 καὶ
734 2551 818 2622 άκων
832 2556 856 2638 ,ό
881 2554 1060 2632 Κάλλιστος
1083 2556 1192 2620 εἀπεί-

106 2675 195 2732 carc,
228 2659 272 2743 τρῖ
308 2659 342 2720 δὲ
373 2655 456 2738 μετά
479 2680 514 2740 γε
536 2656 633 2729 ου’τόν
654 2654 948 2741 ποτριαρχεόσαντι
974 2657 1119 2744 Κοκκένηι
1147 2659 1191 2744 τῷ

110 2754 241 2846 melodias
271 2759 427 2847 λεγομένιρ
457 2756 492 2823 τό
517 2755 669 2843 παράπαν
700 2756 835 2846 οόδαμῇ,
858 2753 936 2822 άλλά
967 2753 1039 2830 τούς
1069 2752 1189 2830 ου’τοός
1238 2802 1245 2825 ι

582 2993 585 3004 ’
639 2993 645 3016 l

49 3068 55 3075 .
107 3030 281 3100 Peloponneso
301 3035 394 3103 quinto
413 3036 465 3087 iam
483 3050 553 3089 auno
572 3035 748 3088 Romanarum
767 3034 805 3088 ibi
822 3033 1021 3102 provinciarum
1041 3040 1068 3085 et
1085 3033 1190 3086 urbium

107 3105 286 3168 praefecturam
311 3107 506 3160 administrans.
543 3109 643 3160 sororis
672 3109 780 3163 maritus
804 3106 882 3160 conti
908 3104 1089 3172 cephaleniae
1118 3105 1189 3157 lilius
1235 3148 1239 3155 .

106 3173 251 3230 lleniurbis
271 3185 329 3230 erat
355 3179 507 3245 praefectus
539 3188 565 3230 et
582 3181 605 3230 si
625 3195 676 3246 qua
695 3179 867 3231 circumcirca
895 3185 951 3228 erat
972 3185 1042 3228 terra
1060 3176 1190 3228 barbaro-

106 3260 156 3296 rum
177 3250 259 3301 adhuc
284 3251 425 3301 invasione
452 3249 548 3301 libera.
591 3251 698 3301 fratrum
724 3251 815 3301 uxoris
844 3249 972 3316 principis
997 3250 1189 3301 venerantium.

88 3313 206 3370 ·loannes
225 3322 330 3389 quidem
342 3320 499 3390 Palaeologl
513 3321 586 3388 regis
605 3329 659 3372 turn
682 3322 749 3373 lortc
770 3322 963 3372 cousuetudine
981 3319 1104 3371 utebatur
1122 3321 1191 3371 intra

107 3393 200 3442 incenia
216 3393 382 3459 Byzantina:
412 3392 480 3444 alter
503 3401 591 3443 autem
617 3393 764 3458 Byzantina
788 3399 911 3460 praeerat
935 3391 1040 3444 ilianuel
1068 3407 1083 3441 e
1107 3390 1191 3458 longo

106 3464 214 3526 tempore
242 3463 327 3516 tutela
353 3472 477 3530 suscepta
502 3479 517 3514 a
541 3463 736 3518 Guntacuaeno.
790 3463 913 3531 reliquae
942 3461 1105 3530 Palacologo
1133 3463 1191 3530 regi

107 3530 222 3593 parebant
240 3540 371 3603 quotquot
389 3536 505 3586 nondum
525 3536 637 3587 traditae
656 3534 773 3586 barbaris
792 3535 872 3586 urbes
891 3542 961 3586 sunt.

212 3621 345 3676 Mentibus
367 3624 473 3674 interim
497 3623 598 3676 duobus
618 3623 807 3690 praeterlapsis
831 3623 907 3674 venit
934 3638 968 3672 ex
986 3621 1091 3672 Tenedo
1115 3621 1191 3671 etiam

107 3688 222 3746 Callistus
241 3710 318 3762 quem
345 3693 483 3760 appellant
512 3695 662 3761 patriarcha
687 3695 845 3746 constitutus
868 3708 960 3744 rursus
987 3708 1003 3742 a
1028 3691 1191 3760 Palaeologo

106 3774 167 3826 rege
190 3773 280 3832 utpote
307 3764 387 3816 rebus
416 3767 473 3815 eius
500 3774 530 3816 ut
550 3767 690 3818 videbatur
713 3766 839 3828 studens,
857 3765 952 3832 {neque
971 3771 1057 3814 tamen
1078 3761 1192 3815 dilectus

107 3831 154 3880 nisi
173 3849 203 3885 ex
221 3838 277 3887 eius
297 3844 391 3903 ageret
409 3837 546 3888 arbitratu.
589 3837 632 3888 hic
662 3837 730 3888 enim
749 3835 858 3888 volebat
879 3849 969 3886 omnes
991 3836 1018 3884 in
1039 3835 1192 3888 universum

108 3903 240 3973 episcopos
258 3916 284 3958 et
302 3908 456 3959 sacerdotes
487 3908 633 3974 episcopali
655 3908 795 3959 saoerdote
821 3922 930 3959 exuere.
967 3906 1026 3974 regi
1053 3919 1192 3970 veronen

109 3981 162 4023 erat
178 3974 229 4027 ullo
250 3979 326 4029 modo
346 3978 500 4044 tolerabile,
518 3980 571 4030 nisi
591 3979 641 4030 sibi
668 3980 783 4030 invicem
814 3977 963 4030 obiice-rent
984 3977 1104 4040 crimina,
1125 3991 1193 4027 con.

108 4045 238 4098 venientes
254 4050 282 4099 in
300 4065 390 4101 unum.
409 4113 412 4118 y
434 4066 494 4102 sero
520 4051 627 4117 quidem
655 4058 681 4100 et
697 4049 848 4116 aegerrime
876 4049 948 4116 regis
968 4048 1109 4099 humanum
1128 4048 1194 4100 vicit

111 4115 251 4182 consilium,
269 4136 357 4189 neque
376 4123 448 4173 omni
469 4137 501 4172 ex
520 4129 594 4188 parte
613 4121 692 4184 vicit;
713 4122 847 4188 episcopis
864 4121 932 4172 enim
952 4119 998 4172 vel
1017 4120 1117 4170 invitus
1140 4119 1194 4172 Ca.

109 4183 183 4236 lixtus
201 4204 295 4240 morem
314 4192 426 4261 gerebat
444 4191 611 4259 patriarchae
624 4206 698 4256 ¹vero
719 4199 779 4257 post
803 4208 833 4258 se
855 4199 944 4260 creato
964 4190 1080 4259 Coccina
1099 4187 1194 4240 Philo.

108 4255 338 4329 theocognomine
359 4278 468 4333 prorsus
486 4263 562 4319 nrrllo
580 4263 667 4330 modo.
705 4263 752 4319 sect
781 4262 880 4332 eisdem
902 4261 1036 4332 episcopis
1057 4271 1193 4314 convoca.
