2952 4902
234 367 455 438 nrsnonnn
477 331 738 438 emtoribus
755 370 864 436 xxva
884 349 953 436 λλ.
974 349 1044 435 tt.
1150 357 1199 436 89

114 533 303 618 αὸτύνιλρους
327 528 388 597 ύπὸ
417 535 645 617 declinaretis
667 532 812 617 α’λλὴλοις
834 528 1057 615 τ’πιπηιλύντοον
1080 529 1203 612 οἶπροὸ-

113 659 191 712 πτως
212 636 244 700 a'v
265 631 373 700 σκύτει
393 640 448 699 καί
469 641 571 700 νυκτί.
625 628 707 717 ἦσαν
730 635 760 696 d’
795 633 832 698 αἳ
851 635 905 697 καί
923 633 1051 723 α’πειρίρ
1072 631 1124 698 κκὸ
1143 635 1202 715 α’γ-
1242 703 1252 726 ,1

113 742 178 826 νοίρι
206 741 333 828 χωρίων
364 735 518 822 ἕςβρύχη
545 732 793 821 σονερρηγνυντό
826 735 938 800 τεκαὶ
971 736 1016 808 εἷς
1047 736 1106 819 γῆν
1130 731 1202 810 τούς

94 831 224 921 ’ἄνδρας
242 839 421 921 ἐρρίπτουν,
443 839 600 912 ὠθοῦντος
614 841 670 902 τού
687 841 836 922 κύματος,
857 836 900 912 οἷς
918 837 973 901 καί
989 840 1021 912 ἐς
1034 835 1091 920 την
1111 832 1205 900 ύστε·

87 941 203 1024 onata»
223 937 366 1022 ὁρᾶσθαι-
396 939 457 1004 τῶν
480 939 674 1004 Kossinites
697 939 833 1014 πολλούς
866 941 1090 1020 πλανωμένους
1111 939 1145 1000 εἰ
1166 939 1204 1023 τῇ

108 1039 271 1121 Ῥωμαίων
291 1043 349 1128 γῇ,
380 1038 436 1103 καί
461 1038 506 1124 μὴ
542 1043 703 1115 συνιέντας
730 1037 868 1124 γλώττης
894 1041 1091 1126 Ἑλληνικῆς,
1124 1039 1203 1121 μηθ’

111 1135 172 1228 ὅπη
191 1141 245 1223 γῆς
267 1142 340 1218 εἰσί,
360 1140 438 1224 μηθ’
460 1137 519 1229 ὅπη
541 1137 605 1224 χρή
629 1143 860 1225 πορευομένους
882 1139 939 1222 τη“ν
962 1141 1122 1225 σωτηρίου
1144 1161 1204 1203 πο-

79 1242 263 1321 «ρίζεσθαι.
317 1235 400 1324 ἦσαν
421 1242 449 1305 d'
483 1239 516 1305 οἳ
544 1241 603 1305 ada
624 1243 685 1305 τῶν
715 1238 909 1324 τραυμάτων
936 1241 1204 1322 λειποψυχοῦντες
1278 1243 1282 1251 ’

109 1336 246 1405 ἔπιπτον.
291 1339 325 1404 οἳ
340 1343 377 1419 Ι(λ’
400 1333 574 1424 ἡμιθνῆτες
602 1337 733 1405 ἔπιπτον
754 1336 835 1404 ausui
858 1341 916 1424 τῆς
934 1341 1088 1423 ψάμμον,
1122 1336 1155 1400 ot
1166 1338 1269 1420 'd'n

70 1441 345 1518 λθέκπεπνευκότες
375 1436 434 1527 ἤδη
455 1444 568 1517 τελέως
590 1441 705 1522 α’ναμίξ
734 1434 892 1522 ἑκατέρων
919 1443 981 1506 ταῖν
1005 1438 1206 1522 στρατευμά-

110 1565 180 1604 των.
235 1544 499 1624 ἐκβρασσομίνων
534 1541 595 1627 γύρ
618 1544 681 1608 ταῖν
704 1546 784 1607 νεῶν
817 1539 879 1607 ύπό
905 1547 962 1606 τού
982 1535 1122 1620 κύματος
1145 1534 1205 1617 ἔξω

110 1744 166 1807 ούκ
186 1745 335 1829 ἠμέλουν,
356 1745 426 1810 ἄλλ’
448 1738 558 1821 ὅπλοις
586 1745 773 1810 α’ντετίλλουν
807 1738 888 1811 ὅπλα
910 1747 965 1810 κατ’
985 1741 1121 1832 φάλαγξι
1142 1740 1207 1828 φύ-

109 1849 225 1927 λαγγας
247 1844 387 1927 πεζικύς,
409 1845 452 1922 οὸς
470 1849 616 1929 γίνεσθαι
642 1848 774 1912 διπλοῦν
804 1849 919 1912 ἐκεῖνον
941 1849 1129 1928 συμβαίνειν
1152 1840 1207 1909 τὸν

67 1940 260 2028 λὸπόλεμον,
283 1949 468 2029 ναυμαχίαν
488 1970 519 2012 τε
541 1950 597 2012 καί
616 1949 814 2030 πεζομαχίαν
837 1949 917 2026 κατοὶ
939 1947 1062 2012 ταύτὸν.
1104 1969 1207 2028 τραυ-
1251 1965 1253 1968 ’

104 2046 217 2125 μαιίοω
239 2049 268 2110 δ’
291 2041 361 2112 ὅσοι
383 2053 527 2131 βαδίζειν
548 2040 718 2130 ἐδύναντο,
739 2044 834 2127 ἄλλος
865 2043 949 2140 ὅλλιρ
974 2047 1106 2133 ἡγεμόσι
1124 2057 1206 2132 χρη.

107 2144 239 2238 σύμεναι
260 2152 315 2233 τη”ς
339 2149 428 2228 ὅιλού,
455 2154 496 2215 δι’
517 2146 590 2236 ὅλης
615 2149 841 2236 ἡμέραςὲντὸς
864 2155 1001 2235 ἐγένοντο
1012 2151 1217 2236 Βυζαντίου..

104 2252 160 2313 καί
186 2252 398 2344 ψυχαγωγίας
431 2250 562 2336 ἔτυχον,
595 2251 712 2318 ὅπύσον
740 2250 877 2339 ἐφικτόν.
920 2251 957 2318 τό
978 2275 1013 2334 γε
1033 2250 1097 2336 μὴν
1117 2241 1207 2334 παρὰι

107 2351 163 2416 τὸν
188 2349 334 2434 αἰγιαλὸν
359 2344 559 2438 ἒπιρρεύσαν.
603 2355 627 2394 “
648 2357 749 2419 ἕωθεν
770 2354 986 2438 ἠπειρωτικύν,
1009 2353 1052 2428 ω“ς
1067 2350 1202 2438 εἴρηται,
1217 2369 1235 2421 λ.
1248 2366 1298 2420 lib
1308 2365 1335 2420 b.

65 2453 227 2546 ὅθπληᾪυς
260 2454 387 2538 α’λίγονς
414 2461 472 2536 μὲν
502 2449 569 2539 εἶχε
592 2453 667 2532 τούς
679 2455 900 2541 στρατιώτας,
936 2452 971 2520 τὸ
994 2457 1028 2520 δὲ
1052 2460 1207 2537 πλείσταν,

104 2559 139 2634 ἑξ
160 2551 288 2640 ὅπύσης
305 2561 418 2640 τέχνης
445 2551 484 2642 ἤν
506 2560 677 2639 ξυμμιγὲς,
700 2550 759 2642 ὅση
784 2581 822 2622 τε·
837 2555 1050 2640 βαναυσωύης
1073 2555 1127 2620 καί
1147 2551 1206 2640 ὅση

106 2661 148 2744 τῇ
169 2659 306 2744 γεωργίᾳ
335 2661 571 2744 προσετετὴκει·
627 2657 682 2724 καί
710 2653 749 2744 ηἰι
775 2657 923 2724 α’πύντων
955 2657 1214 2746 ἐκείνωνζούδείς
1259 2686 1265 2694 ’

107 2993 141 3031 ex
159 2975 292 3041 adverso,
321 2983 351 3027 ut
373 2990 454 3043 supra
472 2976 600 3042 diximus,
624 2976 723 3042 adorti,
743 2973 894 3043 praefectus
921 2972 1015 3026 classis
1034 2973 1207 3042 praelectum,

106 3055 189 3103 nauta
207 3055 314 3100 nautam
334 3048 508 3118 cominusque
527 3056 651 3116 tanquam
671 3062 760 3118 pugna
784 3046 904 3099 terrestri
928 3045 1048 3098 manibus
1068 3046 1207 3110 consertis,

107 3121 225 3174 ltostinm
245 3128 360 3188 stragem
385 3118 440 3170 late
460 3121 613 3185 ediderunt,
630 3121 667 3171 ita
685 3129 715 3172 ut
733 3118 880 3171 nonnullae
904 3133 988 3170 naves
1013 3118 1091 3170 nimis
1110 3130 1208 3168 onera.
1229 3133 1232 3141 ¹

106 3203 151 3246 tae
173 3206 233 3242 cnm
258 3191 409 3244 hominibus
435 3192 672 3260 demergerentur,
698 3194 725 3243 in
751 3189 869 3243 tenebris
897 3191 984 3241 noctis
1009 3189 1064 3241 alio
1082 3189 1110 3240 in
1128 3187 1208 3240 aliurn

108 3261 264 3317 inconsulto
284 3263 414 3314 irruente.
449 3262 597 3315 nonnullae
615 3277 681 3316 vere
702 3263 834 3330 imperitia
857 3269 884 3313 et
901 3262 1070 3329 ignoratione
1089 3259 1209 3312 locorum

109 3337 135 3388 in
155 3334 252 3386 brevia
271 3335 339 3388 vada
367 3334 521 3402 compulsae
543 3334 642 3388 milites
668 3334 791 3386 ductibus
814 3333 981 3386 tradentibus
1000 3325 1034 3384 'et
1053 3332 1209 3400 urgentibus
1249 3336 1254 3349 ‘

109 3409 254 3458 interram
277 3407 425 3468 eiecerunt,
446 3421 498 3474 quo
519 3406 616 3462 inctttm
636 3415 693 3470 est,
717 3414 747 3457 ut
764 3413 879 3476 postero
906 3406 951 3457 die
970 3405 1045 3457 multi
1065 3403 1210 3458 cateiam.
1262 3433 1267 3440 ·

109 3494 166 3529 rum
187 3479 214 3528 in
226 3478 405 3530 Romanorum
422 3486 493 3529 terra
512 3477 668 3547 oberrantes
688 3478 918 3544 conspicerentur,
938 3477 989 3545 quit
1003 3475 1113 3544 linguae
1124 3474 1210 3528 Grae.

111 3565 158 3602 cac
178 3549 298 3616 imperiti
321 3564 373 3600 nee
394 3549 438 3600 ubi
464 3557 594 3610 terrarum
619 3556 713 3621 essent
727 3564 778 3599 nec
797 3563 849 3616 quo
870 3547 1006 3615 proiecti,
1025 3547 1139 3599 salntem
1159 3547 1210 3599 sibi
1245 3557 1246 3560 ’

111 3627 274 3688 quaererent
297 3620 360 3671 satis
382 3619 547 3687 exploratum
574 3620 715 3673 habebant.
761 3620 808 3673 alii
830 3633 896 3671 vero
921 3635 955 3670 ex
980 3618 1136 3671 vulneribus
1154 3618 1211 3670 liu-

111 3700 210 3761 qnente
229 3692 317 3744 anima
336 3691 553 3756 collabebantur;
572 3692 619 3743 alii
639 3692 802 3745 semimortui
820 3692 847 3742 in
866 3706 946 3743 arena
964 3691 1064 3742 marina
1083 3690 1211 3741 concide.

110 3765 193 3827 bant3
214 3762 262 3814 alii
285 3761 365 3829 plane
383 3763 468 3814 anima
489 3765 623 3830 exspirata
642 3764 792 3831 promiscue
812 3779 845 3813 ex
864 3771 977 3833 utroque
997 3762 1116 3812 exercitu
1137 3762 1213 3814 iace-

110 3837 182 3888 bant.
212 3833 328 3887 navibus
349 3835 418 3885 enim
437 3834 563 3896 fluctuum
584 3844 659 3888 aestu
678 3836 710 3886 ad
728 3843 824 3887 terram
845 3835 939 3886 eiectis
960 3833 1081 3884 homines
1102 3834 1212 3885 excide.

111 3915 182 3970 runt,
202 3906 252 3957 sed
270 3905 421 3956 certaminis
441 3907 599 3972 conserendi
627 3908 780 3974 neutiquam
802 3905 878 3958 obliti
908 3906 986 3957 amris
1006 3919 1087 3969 anna,
1107 3905 1211 3956 ordini-

110 3979 159 4030 bus
182 3976 291 4028 ordines
308 3977 486 4043 opponebant.
506 3979 542 4030 ita
560 3978 691 4045 proelium
705 3977 772 4028 illud
792 3985 818 4029 et
833 3977 930 4030 navale
950 3985 977 4028 et
997 3983 1124 4029 terrestre
1145 3984 1211 4027 crat.

111 4049 196 4100 saucii
208 4055 308 4113 autern,
329 4056 499 4118 quotcunque
514 4050 625 4117 pedibus
638 4050 677 4100 irc
691 4048 826 4114 valebant,
840 4050 887 4101 alii
902 4048 963 4100 aliis
980 4049 1085 4100 itineris
1101 4047 1214 4099 ducibus

112 4121 154 4172 usi
173 4136 225 4187 per
244 4127 327 4170 toturn
345 4121 415 4170 diem
434 4121 591 4188 Byzantium
612 4129 808 4186 convenerunt,
828 4120 872 4172 ubi
896 4127 1020 4188 quantum
1039 4119 1096 4171 lieri
1116 4120 1211 4188 potuit,

112 4192 211 4244 laetum
231 4191 394 4243 curationem
415 4193 485 4243 nacti
509 4183 578 4244 sunt.
624 4190 700 4243 turba
721 4200 807 4243 autem
828 4192 885 4256 illa,
915 4192 948 4243 de
969 4206 1021 4259 qua
1037 4191 1160 4253 diximus,
1181 4204 1214 4239 ex

116 4263 268 4318 continenti
293 4262 325 4313 ad
353 4277 424 4317 oram
449 4261 515 4318 solis
545 4271 604 4318 ortu
623 4263 711 4318 delata
735 4278 835 4331 paucos
860 4271 959 4316 tanturn
990 4277 1079 4315 secum
1100 4259 1214 4316 habebat
