2880 4910
194 339 409 416 ursuoariu
437 344 695 420 summissu
714 347 805 416 xxa.
825 331 1012 418 stt-tr.
1092 329 1162 418 iot

96 507 219 588 ίιοίοιος
240 502 321 598 sitq
341 515 395 578 καί
408 508 562 599 διάφορος
583 513 734 598 ἐνέργεια.
778 514 833 578 καί
853 505 921 594 ίίμσ
944 505 1062 598 ducier}
1085 512 1166 580 πάν-

92 612 241 696 τονδρχὴ
262 637 312 679 σοι
333 618 471 698 γίνεται,
497 615 532 680 r6
569 609 833 680 ιδεοαιοίοιονι
788 618 935 700 ,εαυτῆς
964 618 1166 740 διαφέρουσα

94 709 370 803 κοίιίιδίωςὲαυτῇ
390 723 567 802 μαχομένη.
601 715 712 780 dtt’‘
695 740 710 778 ο
732 712 1027 840 &siocliiditproc“
1030 718 1069 781 ου’
1088 742 1168 783 συν·
1178 735 1234 788 n

92 808 315 898 θεωρεῖσθαι”
296 843 314 898 η
344 821 656 901 συνεπιθεωρεῖσθαι
679 813 886 882 δύναταιΗ
836 817 875 881 τί
915 820 997 902 φησί
1017 816 1082 907 “sps
1103 821 1168 906 ispi

72 916 147 977 διαί
169 915 278 983 οδσίοιν
300 913 456 1000 διαφορον
477 920 511 996 ἐξ
533 917 657 1003 οἷιδίου,
681 917 738 980 ou’rt
762 917 857 998 αἰών,
881 917 920 980 ου’
945 915 1069 1001 χρόνος,
1093 920 1169 984 ests

89 1040 113 1078 rs
131 1020 186 1080 scis
208 1016 332 1092 τούτοις
354 1018 625 1097 ἑνδιοιτωμὲνων·
670 1016 708 1079 οδ
730 1014 791 1100 χοὶρ
815 1015 1046 1099 συμβαίνουσιν
1067 1020 1168 1102 sitti-

89 1122 143 1191 λοις
159 1116 281 1180 resinosa
302 1113 337 1180 τό
364 1119 479 1202 κυρίως
498 1112 579 1183 εἶναι
601 1121 657 1182 καί
669 1119 708 1180 ου’
722 1115 871 1202 κυρίωςῆ
894 1117 948 1180 καί
968 1112 1167 1185 πάλινᾶπει.
1248 1119 1252 1135 ’

11 1219 12 1226 '
89 1241 133 1299 ρον
152 1212 229 1282 εἶναι
260 1215 367 1283 δυάδα
401 1219 554 1299 ου’δαμοῖς
576 1219 758 1301 ἐνδέχεται·
806 1214 841 1282 αἱ
870 1220 931 1302 γὰρ
968 1223 1036 1283 κατ’
1068 1219 1168 1305 αυίἡν

87 1315 203 1397 μονάδες
225 1318 380 1402 detritam
410 1321 488 1383 κατὰ
519 1322 699 1404 παράθεσιν
728 1315 996 1404 συνυπάρχουοαι
1028 1322 1168 1406 α’λλὴλας

58 1417 239 1500 ιοδριζουσιν,
293 1422 324 1483 εἰ
353 1423 389 1484 δὲ
409 1424 521 1503 τοῦτο,
553 1422 624 1484 ov’d'
645 1414 804 1507 ἄναρχον·
857 1418 940 1503 α’ρχὴ
971 1419 1032 1507 peip
1065 1423 1169 1507 πιίσης

86 1519 187 1597 δυάδος
207 1521 318 1604 μονάς.
372 1525 402 1588 εἰ
424 1524 458 1586 δὲ
479 1521 523 1607 μὴ
548 1515 708 1605 ἄναρχον,
740 1522 810 1586 osid’
834 1522 993 1606 α’κίνητον·
1035 1527 1168 1589 κίνεῖιαι

84 1613 134 1704 χδρ
156 1625 197 1708 aqi
216 1624 350 1708 α’ριθμῷ
363 1625 397 1688 ἐκ
414 1621 563 1704 μονάδων
577 1627 652 1687 καθ’
669 1625 793 1705 ἕνωσιν,
806 1620 839 1689 κδ
858 1626 893 1687 δὲ
905 1622 1088 1706 κινούμενον
1111 1627 1169 1689 οιίκ

86 1721 156 1807 ίρχῆ
178 1717 246 1788 ‹itt’
268 1727 302 1804 ἐξ
328 1723 450 1808 ἀρχῆς,
472 1723 592 1809 ditati
618 1727 677 1788 rosi
698 1729 867 1801 κινοῦντος.
908 1725 1010 1806 μονδς
1031 1729 1067 1791 δὲ
1087 1726 1168 1812 μόνη
1211 1797 1214 1801 ,

84 1825 183 1905 κυρίως
213 1825 370 1908 σ’κίνητος.
414 1828 651 1908 πεπερασμέναι
671 1849 720 1888 σοι
749 1820 813 1909 ἄρα
842 1828 899 1890 καί
924 1825 978 1890 ὑπ’
1005 1825 1108 1911 οἶρχὴν
1135 1825 1170 1892 αἱ

55 1919 240 2008 ισδεότηιες,
271 1919 445 2008 ἄνθρωπε·
486 1928 541 1988 καί
564 1925 594 1988 εἰ
613 1929 718 2010 τοῦτο,
748 1927 941 2010 διαστήμασι
972 1935 1111 2003 τοπικοῖς
1134 1951 1169 1994 τε

83 2026 129 2086 καί
145 2033 302 2108 χρονικοῖς
325 2024 583 2092 detectionem.
616 2028 783 2108 κτίσμαοιν
806 2018 869 2111 ἄρα
892 2028 1052 2110 λατρεύων
1074 2027 1168 2104 αδτὸς

19 2175 23 2184 ,
83 2124 244 2208 ἐλελήθεις.
302 2123 349 2190 ἔτι
379 2127 410 2190 εἰ
429 2124 507 2191 κακοὶ
541 2132 577 2192 oi
598 2125 706 2211 ἕτερον
737 2129 834 2192 οδσία
855 2128 910 2192 καί
927 2129 1034 2212 ἕτερον
1054 2126 1129 2204 θεὸς
1151 2123 1234 2195 δη

84 2221 130 2306 sp's
149 2228 262 2293 ου’σίαν
286 2223 370 2311 ἔχων
389 2225 445 2292 καί
464 2229 617 2315 διάφορος
637 2233 694 2311 τῆς
716 2231 833 2304 οἰκείας
854 2230 977 2309 οδσίας,
998 2226 1082 2294 ἔστιν
1105 2223 1168 2312 ipe

83 2324 187 2401 dsdg'
167 2326 319 2403 ανοδσιος
340 2353 393 2392 και
418 2329 514 2395 ου’σία
537 2333 616 2394 θεοῦ
637 2324 741 2404 αθεος.
786 2331 868 2416 φησί
888 2331 947 2415 γὰρ
970 2330 1026 2394 καί
1046 2325 1167 2398 6an-

52 2431 174 2506 χχοοέων
197 2433 228 2495 Γ
225 2453 377 2515 ρηχοριος
394 2430 445 2496 “si
467 2431 501 2496 τὸ
525 2430 666 2516 ἀγαθὸν
673 2423 718 2513 is,
742 2430 775 2496 τὸ
798 2430 934 2518 πονηρόν
962 2431 1020 2496 osis
1043 2424 1097 2496 is·
1141 2434 1172 2498 εἰ

85 2525 165 2591 δὲ
132 2551 165 2592 ιο
184 2527 321 2617 πονηρὸν
342 2519 393 2614 ὃν,
415 2531 451 2596 ιδ
477 2529 601 2616 α’χαθὸν
623 2533 679 2596 οδκ
705 2523 751 2614 ὅν,
771 2557 850 2598 κατα
884 2530 939 2598 τόν
957 2557 1020 2599 των
1043 2514 1170 2616 epicos

85 2846 186 2901 cundum
201 2853 243 2914 te,
262 2849 396 2901 essentiae
415 2855 456 2903 est
477 2863 572 2918 expers
587 2847 657 2919 qnod
672 2847 794 2914 habetur,
814 2861 845 2901 ae
857 2848 880 2900 si
900 2845 1017 2901 essentia
1037 2845 1169 2913 sardens,

82 2917 128 2968 id
121 2922 200 2988 igitur
214 2921 293 3000 quod
320 2920 435 2974 essentia
461 2931 535 2974 earet
560 2936 614 2972 uon
643 2929 684 2972 est
702 2920 786 2984 deus,
813 2920 958 2972 efficientia
985 2921 1123 2985 nimirum,
1144 2928 1172 2972 et
1197 2937 1203 2948 ·

83 2985 218 3045 coniuncta
237 3001 278 3044 est
295 2993 348 3042 iarn
370 3008 475 3076 semper
498 3002 525 3044 et
545 3009 578 3043 ex
598 2993 668 3043 omni
686 2993 845 3042 aeternitate
863 2990 971 3044 divinae
991 2999 1017 3041 et
1035 2986 1171 3042 increatae

83 3065 206 3116 essentiae
226 3063 295 3114 haec
316 3065 432 3116 essentia
451 3079 544 3116 eureus
564 3072 590 3114 et
615 3064 722 3115 diversa
742 3062 897 3126 efficientia,
915 3060 1047 3129 simulque
1067 3062 1170 3130 princi-

82 3133 145 3196 pium
162 3135 281 3187 omnium
300 3134 349 3186 tibi
369 3136 458 3188 evadit
476 3137 540 3201 dyas
561 3135 726 3202 ineptissime
745 3149 761 3185 a
779 3149 809 3186 se
834 3135 892 3200 ipsa
910 3131 1035 3184 differens
1052 3141 1079 3184 et
1097 3148 1169 3184 sem.

82 3217 123 3268 per
139 3221 230 3259 secum
250 3221 380 3274 pugnans.
418 3208 466 3258 sed
484 3208 611 3259 Maximus
632 3206 753 3268 divinus,
775 3218 829 3256 non
857 3212 956 3271 potest,
975 3205 1071 3272 iuquit,
1092 3203 1170 3270 cogi-

82 3277 151 3327 tando
172 3279 232 3329 dari
258 3285 303 3329 aut
326 3275 435 3328 attribui
461 3279 602 3346 quidquam
622 3277 691 3340 deo,
713 3277 782 3344 quod
807 3277 841 3328 sit
860 3276 891 3326 ab
912 3277 969 3327 eius
989 3275 1107 3327 essentia
1127 3275 1168 3326 di·

82 3359 189 3414 tersum,
211 3364 246 3400 ex
265 3349 336 3398 omui
355 3349 514 3399 aeternitate
527 3363 580 3399 uon
597 3363 702 3412 aevum,
720 3361 775 3399 nou
794 3355 908 3415 tempus,
922 3363 1011 3416 neque
1026 3348 1167 3430 quidquam

83 3431 164 3470 eorum
183 3435 254 3489 quae
273 3421 300 3470 iu
320 3419 363 3470 his
390 3427 547 3492 versantur,
566 3435 654 3487 neque
680 3420 749 3469 enim
775 3419 1006 3470 accommodantur
1025 3417 1103 3469 sibi
1096 3419 1170 3470 ruvi-

82 3501 132 3538 eem
152 3506 269 3559 unquam
293 3491 320 3541 id
339 3491 409 3556 quod
427 3484 546 3558 proprie
570 3489 671 3558 aliquid
699 3496 739 3540 est
766 3497 792 3540 et
811 3490 881 3556 quod
903 3504 956 3540 non
985 3489 1104 3573 proprie.
1143 3496 1170 3540 ct

81 3573 163 3613 rursus
182 3562 287 3612 infinita
309 3576 368 3612 esse
387 3549 452 3627 dyas
478 3560 553 3619 nullo
574 3562 650 3611 modo
670 3568 772 3627 potest;
801 3561 927 3612 monades
948 3562 1063 3612 enimin
1084 3575 1116 3612 ea
1136 3576 1170 3611 ex

83 3634 276 3698 comparatione
307 3635 470 3698 compositae
498 3648 528 3683 se
553 3633 670 3683 invicem
699 3631 844 3683 deiiniuutt
869 3632 911 3682 siu
939 3640 1026 3682 autem
1045 3630 1097 3681 hoe
1117 3638 1167 3695 est,

80 3715 127 3751 uon
145 3712 185 3756 est
203 3702 252 3754 illa
271 3703 395 3769 principii
415 3719 510 3770 expers
521 3703 540 3766 ς’
557 3703 714 3770 principium
741 3703 812 3752 euim
837 3703 928 3767 dyadis
948 3704 1033 3755 omnis
1053 3710 1093 3753 est
1111 3717 1171 3752 mo-

81 3786 132 3824 uas.
154 3775 249 3842 quodsi
268 3774 318 3826 iila
334 3788 388 3823 non
410 3783 450 3826 est
464 3775 590 3842 principii
610 3789 715 3840 expers,
736 3772 826 3823 eadem
846 3787 901 3823 non
921 3782 961 3825 est
979 3775 1094 3824 immota.
1109 3787 1170 3823 mo.

81 3852 154 3896 vetur
173 3847 244 3896 enim
263 3860 374 3897 numero
388 3862 421 3897 ex
431 3844 586 3898 monadibus
607 3845 639 3896 ad
658 3844 894 3908 consociationem,
914 3845 984 3912 quod
1003 3852 1090 3896 autem
1109 3859 1169 3895 mo-

83 3922 154 3965 vetur
173 3926 284 3982 nonest
299 3917 468 3984 principium,
486 3917 534 3968 sed
547 3923 670 3967 mouetur
685 3931 718 3966 ex
733 3915 865 3981 principio
896 3916 1019 3967 nimirum
1034 3922 1169 3967 movente

83 3999 166 4038 monas
198 3995 286 4039 autem
314 3987 372 4039 sola
398 3989 507 4072 proprie
528 3995 568 4040 est
598 3986 713 4037 immota
752 3986 888 4037 subiectae
921 3987 1003 4054 igitur
1027 3986 1076 4038 tibi
1100 3992 1170 4049 sunt,

83 4059 180 4122 amice,
210 4060 288 4110 etiam
310 4059 358 4110 sub
378 4060 538 4142 principium
559 4058 732 4122 divinitates,
764 4057 858 4124 quodsi
886 4057 1010 4122 honest,
1040 4057 1170 4109 mensuris

83 4123 199 4180 locorum
221 4137 248 4181 et
268 4137 413 4196 temporum
433 4131 593 4194 inserviunt,
613 4136 702 4180 creata
727 4130 810 4196 igitur
835 4127 901 4180 coiis
920 4129 1080 4196 imprudens.
1118 4129 1171 4177 iam

83 4211 144 4249 vero
166 4202 190 4252 si
210 4215 243 4252 ex
261 4209 307 4252 tua
325 4203 457 4254 sententia
477 4200 549 4252 aliud
565 4208 610 4252 est
629 4202 761 4264 essentia,
782 4199 853 4252 aliud
878 4203 942 4252 deus
962 4200 1007 4270 qui
1029 4199 1170 4251 essentiam

85 4265 161 4328 tebet
179 4279 206 4328 et
223 4272 346 4336 diversus
366 4283 406 4329 est
423 4288 439 4325 a
456 4289 505 4328 sua
518 4274 603 4344 ipsius
624 4274 750 4343 essentie,
773 4281 813 4326 est
825 4272 906 4344 igitur
925 4272 989 4327 deus
1007 4269 1169 4325 inessentia-
