2910 4896
234 363 453 434 msroumu
478 361 739 434 umsrmuas
764 365 862 434 m
877 347 1036 434 9-12.
1115 359 1189 436 utu

112 529 230 613 φυσικὸν
249 533 304 593 καί
323 527 467 614 ἔμφυτον
488 523 543 594 ε’πί
561 531 640 594 θεοῦ
658 525 810 612 λεγόμενα
833 525 936 610 άπλῆν
956 526 1024 612 ἔχει
1045 554 1102 612 την
1125 554 1187 615 σφι

109 634 212 708 μοσιάν
241 632 296 693 καί
322 629 497 714 μουοάικῆυ
527 630 581 694 καί
612 632 712 716 μηδὲν
741 629 873 714 μηδαμῇ
904 629 1188 712 παραλλάττουσαν

108 733 143 816 spi
168 734 218 814 τῆς
252 733 364 806 ουὀίος
392 733 448 794 καί
474 727 603 817 φάσεως
624 727 701 818 λάγιρ
724 728 806 813 ntia
831 732 871 816 τῇ
894 735 1044 818 προφορᾷ
1057 732 1112 814 τῆς
1136 737 1189 796 λέ-

108 834 181 908 ξεως.
234 835 354 913 λέγεται
385 833 445 912 μὲν
474 828 535 914 γάρ
568 833 623 896 κάν
642 839 707 907 τοῖς
729 834 894 904 συνθέτοις
915 834 1015 896 ταῦτα
1047 831 1103 895 κοί
1121 855 1188 897 κτι-

86 939 187 1011 5στοῑς,
206 932 273 994 ἄλλ’
296 925 335 995 σά
358 929 440 997 κατά
461 931 518 996 τάν
539 934 711 1014 α’ναγκαϊσν
731 929 788 997 τάν
813 932 842 994 δ’
862 932 971 1005 ου’τοίς
984 931 1187 1015 ἐνδεχόμενον

106 1027 215 1112 τρόπον,
236 1023 261 1120 ᾧ
284 1029 321 1095 τά
351 1026 431 1096 εἶναι
457 1036 511 1096 καί
530 1030 574 1114 pp*
598 1027 679 1097 εἶναι
702 1032 812 1097 ἕπεται
838 1029 944 1096 ἐνίοτε.
986 1035 1043 1094 καί
1064 1036 1187 1115 πράτσς

103 1135 152 1210 μὲν
172 1131 187 1194 ά
206 1137 303 1214 μέρος
327 1135 424 1216 φησίν
445 1132 635 1210 Ἀθανάσιας
652 1129 819 1206 “άκτιστος
831 1135 953 1216 πέφυκε
966 1129 1048 1216 μάνη
1068 1132 1087 1214 ἧ
1112 1130 1186 1217 άγία

104 1229 189 1312 τριάς,
209 1231 312 1308 &iulg
334 1257 367 1297 τε
390 1232 445 1296 καί
475 1226 626 1316 ἄτρεπτος
650 1238 705 1298 κατ’
723 1234 963 1306 άναλλαι’ωτος.”
1014 1235 1070 1298 καί
1089 1223 1187 1309 αὖθις
1242 1275 1251 1318 1

103 1326 225 1409 ὄοάτὸς
239 1331 393 1420 “n'xrr'orp
425 1334 597 1416 προσάγειν
619 1329 753 1419 αὔξησιν
776 1333 889 1414 α’σεβές
921 1324 1021 1398 luet?
1063 1333 1118 1398 κοί
1139 1331 1187 1398 ἔτι

73 1427 144 1495 10“τό
166 1430 226 1517 γάρ
250 1428 396 1500 άκτιοτον
428 1436 468 1521 τῇ
489 1433 588 1521 φάσει
616 1441 738 1517 λέγεται
768 1427 925 1512 άκτιστον,
946 1429 1027 1514 μήτε
1053 1428 1185 1515 αὔξησιν

100 1529 164 1612 μήτε
196 1537 368 1600 ἐλάττωσιν
399 1533 657 1618 ἐπεάεχόμεοον,”
707 1538 762 1599 κατ’
789 1541 856 1613 μετ’
887 1528 989 1616 ὀλίγον
1017 1526 1185 1608 ιιοἴκτιστος

101 1627 223 1716 άπαρξις
246 1634 328 1720 μάνη
359 1635 377 1717 ἡ
401 1639 455 1719 τῆς
480 1634 631 1720 θεότητος
663 1635 808 1701 νοεῖται.”
865 1639 919 1700 καί
946 1631 992 1698 ἔτι
1017 1626 1184 1708 ιςάκτιοτος

100 1728 169 1816 μάνη
188 1731 367 1818 πίφοκενῆ
404 1735 478 1818 άγία
499 1733 590 1816 τριάς
610 1740 667 1818 τῆς
685 1734 866 1820 benennon?
907 1730 1076 1817 “δευ’τερον
1107 1730 1185 1795 θεὸν

99 1823 175 1896 ainau
195 1838 250 1898 καί
268 1832 406 1918 τήμερον
425 1832 615 1920 άκρκόαμεν.
659 1830 720 1900 ὅσα
743 1832 812 1916 ἔχει
834 1832 854 1896 o‘
873 1834 990 1916 τιατάρ,
1015 1835 1116 1898 ταῦτα
1131 1830 1187 1895 καί

68 1928 111 1994 lii
128 1929 201 2014 υἷάς,
224 1933 259 1998 τὸ
278 1931 426 2017 ὕψιστος,
450 1935 486 1998 τὸ
505 1932 669 2014 βασιλεύς,
692 1933 726 1998 τά
745 1935 864 2016 κύριος,
887 1931 923 1998 τά
948 1933 1183 2016 παντοκράτωρ.

99 2029 185 2118 ὃγάρ
208 2035 290 2099 κατά
313 2037 414 2120 φάσιν
434 2041 533 2100 ταῦτα
547 2040 603 2100 καί
622 2034 798 2108 άκτιστος.”
835 2028 1002 2100 “uincetur
1020 2033 1075 2096 καί
1093 2031 1248 2101 duni-12

19 2143 21 2150 “
98 2157 184 2212 puros
204 2135 258 2199 καί
292 2137 388 2221 φάσει
418 2135 554 2218 άάρατον
576 2131 673 2217 μόνον
693 2134 727 2200 τὸ
747 2139 837 2198 θετον
857 2133 956 2199 ε’στί.”
1004 2132 1106 2216 ιςμάνη
1128 2134 1183 2214 τῆς

96 2236 212 2310 κτίσεως
232 2232 416 2319 ὑπέρκειται
438 2236 458 2320 ἦ
480 2242 554 2302 θεία
576 2261 608 2303 τε
631 2241 685 2302 καί
708 2229 854 2310 άκτιστος
878 2232 1055 2318 φύσιςτοῦ
1077 2233 1184 2297 sisois

95 2338 214 2420 καὶτῆς
234 2342 294 2418 μὲν
316 2338 465 2403 α’κτίστου
483 2337 611 2422 φάσεως
629 2336 685 2420 τήν
707 2333 800 2419 άγίον
822 2335 938 2416 τριάδα
959 2331 1182 2418 διωρισάμεθα

64 2426 178 2516 baites,
197 2441 252 2520 τῆς
274 2443 310 2503 δὲ
331 2441 457 2521 κτιστῆς
475 2438 578 2503 πάντα
603 2435 664 2503 ὅσα
684 2440 756 2519 μετ’
776 2439 895 2521 ἐκείνην
925 2436 1053 2518 λέγεταί
1069 2457 1104 2499 τε
1125 2433 1182 2499 καί

95 2530 150 2599 ἔστι
170 2541 224 2602 καί
246 2537 442 2619 ὀνομάζεται.
486 2540 635 2604 άκτίστυυ
658 2537 737 2622 πρὸς
761 2531 908 2601 οἴκτιστον
929 2537 986 2600 σάν
1006 2529 1046 2598 άν
1061 2559 1109 2611 τις
1130 2540 1300 2603 imbibit.

95 2637 206 2718 νοήσειε
226 2642 396 2723 διαφοράν.
439 2637 518 2722 μόνη
543 2641 577 2702 δὲ
600 2635 619 2722 ἢ
640 2631 782 2713 άκτιστος
798 2639 895 2722 φάσις
916 2638 934 2720 ἡ
956 2640 991 2702 ἐν
1012 2635 1110 2721 πατρί
1127 2635 1183 2700 καί

95 2732 145 2824 virgi
164 2739 217 2803 καί
246 2739 326 2827 άγίερ
362 2738 521 2822 πνεάματι
554 2742 763 2824 πιστευομένη
796 2740 945 2821 κρείττων
972 2739 1044 2823 ἐστι’
1075 2734 1178 2822 πάσης

157 2941 197 2996 13.
211 2945 375 2999 Βασιλείαν.
464 2941 506 2996 16.
528 2943 680 3016 Χαρίλλου.

94 3106 170 3172 ipsum
191 3112 310 3181 intelligi
328 3120 418 3180 potest
435 3130 514 3166 unum
533 3130 593 3168 cusa
612 3116 760 3166 increatum
778 3127 868 3180 neque
885 3124 950 3163 vero
969 3107 1061 3175 multa,
1080 3109 1177 3162 deinde

95 3193 144 3230 curu
164 3187 302 3236 essentiam
323 3194 349 3237 et
369 3185 512 3238 essentiale
532 3195 558 3237 et
577 3183 751 3238 substantiale
781 3191 808 3236 st
825 3191 945 3234 naturum
965 3190 992 3234 et
1010 3181 1132 3233 naturale
1151 3186 1178 3232 et

95 3248 199 3304 innatum
217 3257 250 3306 de
269 3257 320 3308 deo
340 3257 539 3321 praedicamus,
570 3257 636 3308 baec
664 3255 811 3324 simplicem
833 3256 887 3307 vim
906 3253 1005 3305 habere
1027 3261 1053 3305 et
1072 3253 1176 3304 unicum

94 3335 173 3388 neque
192 3325 247 3377 ullo
268 3329 375 3378 omnino
393 3328 471 3379 modo
490 3327 657 3380 differentem
674 3328 707 3379 ab
728 3327 860 3378 essentias
883 3333 1037 3377 striaturae
1055 3325 1176 3388 notione,

93 3393 137 3442 nisi
155 3398 266 3449 nominis
285 3399 517 3464 pronunciatione.
561 3401 747 3466 praedicantur
773 3399 842 3449 enim
865 3397 943 3448 etiam
969 3397 1002 3448 de
1022 3397 1175 3464 compositis

93 3459 153 3514 baec
177 3475 201 3518 et
225 3471 333 3532 creetis,
357 3483 412 3521 uon
437 3478 524 3522 autom
549 3471 719 3534 necessario,
751 3470 798 3521 sed
830 3469 863 3520 iis
889 3468 1061 3520 convenienti
1087 3468 1174 3531 modo,

93 3548 195 3598 quocum
214 3541 339 3607 congruit
357 3542 488 3593 interdum
513 3542 583 3608 quod
610 3550 651 3592 est
679 3549 706 3592 ct
723 3541 793 3608 quod
811 3555 865 3591 uon
891 3547 940 3591 est.
978 3547 1058 3608 utque
1077 3540 1175 3604 priruus

94 3605 187 3684 quidem
205 3625 316 3676 magnus
335 3610 384 3662 ille
406 3611 577 3664 Athanasius.
614 3613 742 3675 increata,
761 3612 857 3680 inquit,
878 3619 919 3664 est
938 3609 997 3662 sola
1015 3617 1106 3662 sanctu
1124 3609 1175 3659 tri.
1267 3615 1270 3624 '

92 3683 215 3730 uitasset
233 3689 342 3733 aeterna
365 3690 391 3733 et
408 3683 515 3734 immota
534 3691 561 3734 et
581 3683 761 3746 immutabilis,
782 3690 808 3733 et
826 3697 917 3733 rursus
938 3681 1016 3732 idem.
1055 3681 1174 3732 increato

92 3747 225 3802 attribuere
250 3753 433 3805 accessionem
461 3755 536 3805 ποίεε
563 3763 618 3818 est,
648 3762 675 3806 et
699 3768 799 3820 porro:
826 3753 972 3805 increatum
996 3751 1065 3803 euim
1080 3759 1176 3802 natura

91 3819 240 3872 condicitur
259 3825 407 3876 increatum
433 3841 522 3893 neque
552 3826 734 3876 accessionum
752 3839 841 3891 neque
870 3823 1042 3874 minutionem
1060 3823 1175 3888 patiens,

93 3893 116 3965 ut
133 3887 204 3942 brevi
223 3901 301 3958 post:
321 3897 439 3947 increata
460 3898 576 3948 essentis
594 3895 652 3946 sols
671 3903 777 3962 putatur
796 3895 911 3945 numinis
924 3893 1018 3957 divini,
1038 3901 1064 3944 ct
1083 3907 1174 3960 porro,
1225 3893 1228 3900 '

91 3969 198 4012 increata
215 3963 273 4015 sola
292 3966 361 4016 luctu
380 3974 421 4018 est
438 3975 529 4018 sanctu
542 3968 645 4019 trinitus
665 3966 718 4017 dei.
737 3965 850 4017 alterum
868 3965 945 4016 deurn
961 3964 1075 4016 nondum
1096 3965 1174 4016 etiam

93 4024 164 4109 borlie
188 4033 342 4086 audivimus.
395 4053 569 4105 quaecuuque
601 4038 669 4103 putri
705 4045 783 4099 suut,
813 4036 904 4087 eadem
935 4035 1013 4088 etium
1039 4033 1115 4098 filio,
1134 4041 1175 4086 est

93 4111 155 4178 turm
173 4102 320 4169 altissimus,
340 4123 398 4171 rex,
421 4109 552 4171 domiuus,
571 4109 759 4172 omnipotens:
778 4123 836 4159 narn
854 4115 946 4159 nutura
966 4121 1013 4159 sua
1032 4105 1074 4156 his
1092 4120 1172 4172 prae.
1262 4110 1269 4116 '
1330 4103 1336 4115 '
1434 4139 1435 4146 τ

92 4166 153 4220 litus
173 4182 211 4225 est
229 4185 254 4228 et
276 4178 404 4230 inreutus.
441 4181 587 4233 increatum
606 4186 633 4229 et
650 4177 709 4229 siue
737 4193 851 4246 corpore
877 4185 902 4230 et
920 4186 1015 4230 natura
1035 4173 1173 4228 invisibile

91 4239 170 4292 tolum
188 4253 227 4297 est
244 4263 341 4300 numen
360 4250 488 4304 diuinum.
509 4249 569 4304 solu
589 4249 752 4302 creationem
772 4250 878 4304 excedit
897 4249 988 4304 divine
1006 4256 1033 4301 et
1052 4249 1174 4326 increata:
