2926 4906
178 375 398 444 msronma
413 373 673 442 anzimunm
689 377 827 444 xxxiv.
848 299 1037 446 tt-ssoo.
1102 361 1177 444 too
1284 318 1289 342 ⁸

46 567 50 577 ¹
91 537 123 602 τύ
142 537 247 620 ποιόν,
272 542 304 618 ἐξ
327 531 365 604 ού
392 539 584 624 ἐμφαίνεται
610 536 632 622 ἦ
668 537 848 614 ἀλλοίωσις.
892 539 920 602 εἰ
942 539 1001 623 μὲν
1021 531 1077 603 ούν
1097 537 1179 602 κατὰ
1187 545 1245 610 η

91 635 121 702 τύ
140 637 230 706 ποιὸν
248 637 491 725 μεταβέβληται,
512 640 670 726 κεκινηται
683 641 742 724 μὲν
764 637 845 726 πρὸς
880 639 1050 705 ἀλλοίωσιν
1057 687 1066 718 ,
1095 638 1117 724 ἦ
1144 638 1179 705 δέ

92 740 161 802 ἐστι’
178 739 481 826 μετασχηματισμὸς
506 731 712 828 χαρακτῆρός
734 766 818 818 τινος
846 739 868 826 ἢ
889 741 971 808 κατύ
991 767 1023 806 τι
1042 744 1106 806 τοῖν
1124 743 1181 806 τού

89 835 287 922 ύποκειμένου
317 841 502 930 πράγματος
530 843 707 928 ἑξαλλαρή,
733 845 903 928 χωριστῶς
936 842 956 927 ἢ
991 842 1180 929 ἄχωριοτοος

67 939 369 1023 οέαισομβαύιοοσα.
419 941 501 1028 ἅπερ
528 941 654 1008 ύλλοῖον
674 944 733 1025 μὲν
763 944 819 1008 καὶ
841 943 999 1029 διάφορον
1019 945 1076 1008 τού
1097 967 1178 1029 προ-

87 1039 172 1123 τέροο
198 1043 365 1120 δείκνυσιν,
389 1042 426 1106 ού
446 1040 510 1127 μὴν
527 1043 562 1108 δέ
577 1066 612 1128 γε
637 1039 713 1108 ἄλλο
729 1069 760 1108 τι
779 1042 815 1108 τύ
832 1044 1056 1126 ἀλλοιούμενον
1079 1043 1179 1129 οἷπερ-

87 1140 226 1224 γύζεται·
270 1141 307 1206 ού
330 1140 392 1228 γὰρ
417 1141 581 1220 ούσιωδοῑς
600 1144 793 1227 μετέβαλεν,
825 1143 893 1208 ἀλλ’
927 1146 960 1208 ἐκ
979 1145 1105 1210 τοιούδε
1125 1141 1180 1207 τὸν
1230 1153 1237 1162 “

88 1239 175 1306 αύτύν
201 1242 323 1308 τοιόνδε
350 1241 431 1308 κατὰ
455 1242 491 1308 τύ
523 1243 615 1309 noodr
645 1245 797 1330 γενέσθαι
822 1244 985 1328 πεποίηκε.
1036 1245 1127 1310 τούτο
1150 1244 1178 1306 δ’

87 1341 136 1404 oda
157 1341 241 1408 ἔστιν
261 1347 306 1422 ἐξ,
328 1341 411 1410 ὅλων
432 1342 506 1411 dior
531 1347 813 1429 μεταβεβλῆσθαι·
864 1343 898 1410 τύ
922 1342 984 1430 peip
1007 1341 1178 1426 ύποκεύμε-

56 1445 133 1504 lotoe
152 1439 303 1526 ύπομένει
325 1444 450 1522 πάντας
472 1443 663 1528 σωζόμενον.
718 1445 748 1508 εἷ
769 1445 805 1510 δὲ
825 1442 907 1509 κατὰ
927 1441 962 1508 τύ
985 1443 1097 1521 ποσόν,
1118 1436 1177 1506 αύ-

85 1541 167 1634 ξησύν
188 1567 259 1608 τινα
278 1539 299 1627 ἢ
319 1545 454 1628 μείωσιν
474 1545 613 1622 ἐδέξατο.
639 1543 707 1608 ἀλλ’
731 1544 805 1609 οὐδὲ
825 1547 926 1610 ταῦτα
944 1541 1022 1608 ἄλλο
1032 1569 1064 1610 τι
1086 1541 1177 1630 παρὰ

85 1640 114 1706 τὸ
137 1645 168 1720 ἐξ
193 1644 298 1730 ἀρχῆς
318 1642 466 1731 ύπύρξαν
498 1652 601 1724 ποιεῖ,
626 1643 693 1708 ἀλλ’
725 1646 760 1710 ἐκ
780 1648 913 1710 τοσοῦδε
931 1644 985 1710 τὸν
1008 1643 1103 1710 αύτόν
1122 1669 1177 1710 το-

11 1763 34 1781 *
85 1744 168 1807 ούνδε
199 1742 283 1830 κατὰΙ
315 1731 364 1810 τύ
384 1746 517 1830 πηλίκον
551 1746 702 1832 γενέσθαι
727 1745 906 1830 πεποίηκεν.
959 1743 1071 1811 ούκοῦν
1104 1743 1244 1826 odoi„

84 1841 156 1906 nard
176 1847 290 1908 τοῦτον
311 1844 504 1931 τὸν“τρύπον
526 1846 558 1923 ἐξ
583 1843 666 1911 ὅλων
680 1842 739 1931 ύλη
758 1846 992 1930 μεταβέβληται
1011 1843 1032 1930 ἦ
1052 1843 1176 1932 μορφή.

52 1941 214 2008 interiectae
242 1939 301 2008 ούν
330 1944 433 2030 λέγειν
459 1949 536 2010 καθ’
567 1943 664 2031 αύτὴν
697 1948 976 2030 μεταβεβλῆσθαι,
1017 1946 1093 2031 περὶ
1120 1943 1176 2029 τὴν
1235 1993 1240 2004 ,

10 2065 11 2074 ’
85 2039 183 2107 ούοίαν
215 2045 359 2129 δηλαδή,
388 2043 431 2121 ὦς
458 2044 594 2130 ἆνύγκην
624 2040 707 2111 εἶναι
736 2050 845 2111 πᾶσαν
879 2049 914 2110 ἐκ
948 2045 1100 2130 γενέσεως
1131 2046 1176 2121 εἰς
1285 2043 1287 2050 '

88 2142 199 2230 φθορὰν
231 2145 292 2210 καί
327 2149 383 2210 τοῦ
417 2141 505 2222 ὄντος
537 2148 582 2222 εἰς
602 2146 637 2212 τὸ
659 2148 816 2231 μηδαμῶς
845 2139 927 2210 εἶναι
947 2146 1175 2232 κεχωρηκέναι

89 2238 155 2307 itti
172 2245 228 2330 τὴν
256 2244 439 2331 θνητύτητα,
459 2246 566 2332 φησίν,
591 2246 770 2311 ἀπεδύσατο
792 2246 848 2310 κατ’
867 2245 923 2328 τὴν
944 2242 1073 2332 φθορὰν
1096 2245 1174 2308 οἷπε-

84 2349 196 2423 νίψατο.
243 2345 395 2430 πρόσθες,
419 2349 447 2411 εἰ
467 2347 585 2430 βούλει,
608 2345 656 2413 ὅτι
675 2346 732 2413 καί
753 2347 798 2422 εἰς
819 2346 854 2411 τὸ
877 2346 1013 2433 ἆύρατον
1030 2344 1066 2411 τύ
1091 2344 1173 2432 δρα-

50 2440 128 2510 urdo
146 2448 272 2530 piratae
291 2448 347 2512 καί
369 2449 415 2524 εἷς
434 2446 469 2513 τύ
505 2445 642 2534 ἄχρονον
667 2445 703 2512 τύ
727 2445 789 2512 dne
811 2445 942 2533 χρόνον,
973 2448 1029 2512 καὶ
1050 2443 1086 2511 τύ
1107 2471 1173 2510 κει.

82 2543 146 2609 ordo
166 2549 211 2625 εἷς
230 2545 270 2612 τύ
295 2543 449 2627 ἅκτιοτον,
480 2550 536 2614 κατ’
557 2546 620 2614 ὅσα
643 2544 726 2613 ἄλλα
745 2551 878 2614 τοιαῦτα
900 2545 1080 2614 ἀντίκειται.
1103 2547 1172 2613 ἀλλ’

82 2643 114 2706 ού
131 2646 184 2732 τὴν
207 2649 388 2734 θνητύτητα
417 2674 465 2726 τις
485 2649 606 2735 γράφει
628 2647 702 2714 οὐδὲ
729 2646 785 2733 τὴν
802 2649 1056 2735 μεταμύρφωοιν
1077 2646 1175 2732 odada

81 2749 148 2810 καθ’
170 2745 288 2832 αύτὴν·
339 2747 375 2812 ού
406 2747 468 2834 γὰρ
502 2745 576 2814 ἄνευ
600 2747 747 2832 σιύματος
777 2748 829 2834 ἐφ’
854 2741 970 2832 ἑαυτήν
991 2769 1067 2812 ποτε
1088 2751 1174 2811 θειο-

81 2847 268 2934 ρηθήσεται,
303 2847 374 2914 ἐπεὶ
403 2849 497 2934 μηδὲ.
527 2849 679 2934 λευκότης
711 2845 733 2933 ἢ
763 2848 937 2933 μελανύτης
956 2845 1173 2931 -ύποτειμένοο

78 3164 118 3209 ant
137 3157 241 3210 inlicito
259 3158 338 3221 iacta,
358 3171 427 3225 qnae
445 3156 562 3208 ostendit
580 3155 683 3207 varium
704 3161 731 3207 et
749 3155 894 3208 diversum.
931 3161 985 3208 no'n
1010 3155 1080 3207 enim
1099 3153 1174 3208 aliud

77 3226 103 3278 iit
120 3229 188 3296 quod
208 3229 337 3291 variatur,
357 3228 456 3296 quippe
475 3241 529 3278 non
551 3226 732 3279 essentialiter
750 3233 922 3294 permutatur,
941 3227 989 3278 sed
1001 3226 1091 3278 extaii
1104 3227 1173 3277 idem

76 3297 132 3350 talis
151 3301 182 3351 ad
202 3299 359 3368 qualitatem
378 3299 414 3350 iit.
451 3313 505 3350 non
516 3299 600 3350 omnis
612 3299 718 3349 omnino
730 3306 902 3365 permutatur.
942 3297 1090 3350 subiectum
1103 3297 1174 3348 enim

76 3368 151 3432 plane
169 3371 267 3422 mansit
284 3371 427 3440 integrum.
464 3370 506 3421 sin
525 3384 592 3422 veru
614 3370 645 3420 ad
667 3371 851 3437 quantitatem,
873 3368 1021 3420 auctionem
1044 3369 1173 3437 quandam

76 3448 117 3491 ant
133 3441 341 3493 deminutionem
360 3440 474 3507 recepit,
490 3441 539 3501 sed
558 3456 592 3491 ne
618 3440 687 3491 haec
711 3441 818 3510 quidem
842 3439 915 3493 aliud
940 3454 1017 3508 quam
1044 3439 1114 3507 quod
1139 3437 1173 3490 ab

75 3509 147 3562 initio
170 3511 263 3563 aderat
284 3511 414 3574 alliciunt,
432 3512 479 3562 sed
499 3528 532 3563 ex
557 3519 630 3563 tanto
651 3511 721 3564 idem
749 3518 849 3563 tantum
869 3512 1014 3563 secundum
1033 3511 1174 3579 quantita„

74 3586 123 3631 tem
146 3583 271 3634 elicitur.
308 3597 362 3634 non
381 3582 463 3649 igitur
482 3581 532 3633 hac
549 3584 654 3634 ratione
667 3583 775 3649 omnino
795 3583 879 3634 omnia
895 3582 979 3634 iorma
999 3588 1172 3648 permutatur.

73 3660 152 3703 restat
170 3654 253 3720 igitur
267 3660 297 3703 ut
310 3654 427 3705 dicamus
442 3651 475 3704 de
493 3655 688 3719 permutatione
702 3668 751 3719 per
763 3668 793 3704 se
811 3654 830 3705 l.
845 3669 868 3704 a.
891 3652 1074 3705 essentialiter
1093 3651 1173 3715 iacta,

73 3737 121 3788 qua
141 3739 255 3775 necesse
275 3731 316 3776 est
339 3740 372 3776 ex
392 3731 452 3774 ortu
479 3725 508 3776 in
529 3737 653 3776 occasum
679 3731 706 3774 et
727 3739 761 3773 ex
780 3739 840 3776 esse
860 3723 886 3774 in
917 3738 972 3774 non
993 3739 1053 3775 esse
1072 3721 1171 3776 delabi.

73 3793 116 3842 sed
137 3793 342 3860 mortalitatem,
361 3795 468 3862 inquit,
498 3795 622 3860 deposuit
642 3802 668 3846 et
694 3795 893 3859 corruptionem
920 3793 1014 3844 abluit.
1052 3794 1129 3857 adde,
1148 3793 1173 3844 si

72 3860 157 3928 lubet,
185 3867 214 3916 in
240 3865 379 3918 invisibile
397 3865 491 3916 mutari
520 3865 628 3917 visibila
654 3871 680 3915 ot
703 3866 732 3915 in
761 3862 938 3930 intemporale
965 3863 1124 3933 temporale,
1145 3870 1172 3915 et

73 3943 187 3986 creatam
206 3937 233 3987 in
252 3933 400 3988 increatum
419 3943 446 3986 et
464 3951 533 4002 quae
562 3934 615 3986 alia
637 3935 766 3986 eiusmodi
793 3937 917 4001 opposita
942 3942 1014 3987 sunt.
1050 3934 1172 3992 sednon

72 4005 257 4058 mortalitatem
283 4009 327 4074 qui
346 4007 501 4072 scripserit,
522 4022 573 4056 nec
595 4006 856 4073 transfigurationem
885 4021 934 4073 per
952 4020 999 4069 se;
1026 4006 1173 4058 nonenim

73 4073 129 4126 sine
148 4092 262 4146 corpore
281 4093 330 4144 per
348 4094 377 4130 se
396 4093 512 4146 unquam
532 4077 664 4143 apparuit.
709 4091 764 4129 non
785 4078 855 4128 enim
883 4076 979 4128 albedo
999 4084 1045 4128 ant
1062 4075 1173 4142 nigritia

73 4144 128 4194 sine
147 4147 279 4200 substrato
302 4148 468 4201 constabant.
491 4157 495 4161 “
514 4148 596 4200 forma
629 4155 657 4198 et
682 4147 766 4200 iacies
799 4162 874 4210 non,
895 4155 924 4198 ut
943 4147 1021 4200 hicce
1040 4152 1124 4214 putat,
1144 4146 1173 4196 in

73 4213 177 4268 deitatis
196 4226 316 4270 naturam
335 4221 471 4285 immutata
492 4226 542 4272 est.
569 4234 625 4271 non
644 4233 725 4285 posse
744 4220 795 4271 hoc
815 4217 885 4283 deri,
903 4219 955 4270 iam
974 4226 1053 4270 antea
1073 4217 1172 4268 dictura

75 4294 114 4342 ott
135 4296 162 4369 et
181 4293 295 4341 testatur
314 4291 413 4344 veritas
431 4292 490 4359 ipsa
515 4306 549 4343 ex
567 4297 691 4342 accurata
708 4279 868 4344 tractatione
894 4305 984 4342 rerum
1001 4295 1123 4342 naturam
1146 4291 1173 4340 at

168 4383 330 4458 Nicophanes
349 4385 460 4458 Grecos.
488 4385 542 4442 Vol.
562 4385 619 4445 tit.
944 4386 981 4443 di)
