2992 4918
318 340 540 414 ursronua
567 341 828 414 eruturum
844 348 951 414 xxvi.
974 329 1063 416 tt.
1190 341 1239 417 oo

130 509 258 598 γλώττῃ
282 511 345 574 τοῖν
369 505 744 608 ἐνέλεγκταψειλδεσθατ
764 508 839 592 περί
858 513 920 576 τῶν
941 493 1011 576 ἐκεί
1026 515 1237 594 βουλομένων,

132 607 200 676 οὔτ’
225 607 346 685 ἰδόντες
367 603 430 674 οὔτ’
452 608 646 686 α’κοιλσαντες
668 614 731 676 τῶν
745 613 902 700 ἐντανθοί
920 615 1032 698 μηδέν,
1054 609 1236 697 παρελθόν-

131 738 184 790 τες
210 705 266 778 οέν
288 712 407 778 εἰδέναι
438 713 619 777 διετείνοντο
648 715 770 794 βέλτιον
794 712 883 798 η’μοῑν
908 716 983 798 περί
1011 718 1073 780 τοῖν
1093 717 1238 780 ἐνταῦθα
1316 709 1322 714 ’

134 819 192 880 καί
214 808 462 896 διεμοθολὸγοον
493 811 661 900 τερατώδη
688 813 757 879 τινὰ
789 812 845 878 καί
870 811 1024 880 α’λλόκοτα
1049 813 1237 902 διηγήματα,

107 908 222 979 ὕοιῗτοο
244 912 299 978 καί
318 911 348 979 οἱ
370 919 444 1000 περί
464 911 517 980 τὸν
531 915 696 995 Παλαμοῖν
717 913 940 998 ἐπεπράχεσαν
961 917 1016 981 καί
1033 917 1168 985 τοιαῦτα
1192 917 1237 1004 τῷ

136 1016 242 1104 οίκείιρ
266 1017 441 1096 ξονέθεσαγ
463 1017 559 1106 τόμιγ.
611 1011 715 1100 ἐγδρ
749 1013 917 1098 ἐβούλοντο
938 1021 1089 1100 γενέσθαι
1108 1021 1177 1102 μέν,
1199 1015 1275 1080 ets
1319 1037 1324 1045 ‘

133 1122 319 1201 γεγένηνται
342 1117 389 1202 δέ,
409 1116 463 1181 καί
485 1112 506 1182 δι’
530 1121 630 1200 λέγειν
645 1114 809 1198 ἐβούλοντο
829 1118 899 1197 μέν,
916 1118 957 1181 οιί
980 1116 1167 1204 δεδύνηνται
1191 1119 1239 1200 δέ,

132 1221 197 1285 ταῖν
221 1221 420 1302 παραχρῆμα
442 1215 580 1302 ἐλέγχων
602 1228 667 1294 τοῖς
685 1222 744 1300 μὲν
767 1212 1009 1300 ἐντυγχάνοντες
1031 1213 1092 1306 ἤδη
1114 1218 1188 1298 τοδς
1209 1224 1238 1287 δ’

134 1316 369 1394 ὑποπτεύοντές
392 1323 421 1400 γ’
454 1315 516 1399 ἔτι,
553 1322 653 1382 ταῦτα
682 1318 721 1402 δὴ
754 1311 835 1398 μετα
866 1320 983 1400 πολλῆς
1011 1321 1152 1396 ἐξέθεντο
1183 1324 1238 1404 τῆς

93 1420 317 1495 ιθαιίθαδείας
350 1419 431 1503 ἐκεῖ,
460 1421 500 1508 τῇ
522 1421 586 1484 τοί
606 1423 722 1504 καιροῦ
755 1418 840 1506 ῥοπῇ
867 1417 901 1483 τέ
926 1418 1098 1502 ἀνέλεγκτα
1117 1418 1239 1502 ψεύδε-

22 1534 25 1544 ’
132 1525 216 1585 σθαι
236 1517 326 1602 μα’λα
342 1518 584 1603 τεθαρρηκότες,
609 1520 663 1584 καί
677 1517 713 1585 τό
729 1542 764 1603 γε
784 1516 870 1603 παρὰ
894 1519 1006 1604 σφίσιν
1022 1521 1133 1596 οιίτοϊς
1148 1519 1239 1586 ἐνέν.
1303 1534 1306 1544 ·

134 1646 223 1707 φορα
247 1618 334 1704 ἔχειν
359 1618 443 1686 uisci
474 1620 528 1685 καί
550 1621 625 1706 ἡμίν
647 1623 781 1686 οίθέατα.
833 1625 925 1708 φασί·
940 1622 969 1684 δ’
994 1614 1052 1686 οὖν
1074 1627 1241 1704 Παλαμιῖν

131 1721 171 1788 τά
196 1748 229 1788 τε
253 1715 336 1787 ἄλλα
357 1722 435 1805 πρὸς
466 1719 588 1809 α’ποίτην
611 1725 691 1807 δρᾶν
712 1726 776 1790 τῶν
797 1721 1042 1807 ἁπλουστέραν,
1063 1721 1118 1787 καί
1138 1728 1240 1807 θερα-

134 1821 228 1898 πείας
250 1826 352 1908 δῆθεν
371 1825 433 1888 τῶν
449 1825 746 1907 σκανδαλτζομέντον
766 1833 832 1888 κατ’
850 1822 955 1887 oritoni
974 1819 1163 1891 ἐπισκόπων.
1187 1825 1243 1891 καί

93 1933 124 1985 15
131 1931 192 2007 μὲν
214 1928 253 2011 δὴ
278 1925 336 1989 καί
354 1929 417 1990 τῶν
439 1928 527 2016 crispi
547 1930 845 2012 βλασφημηθένττον
866 1922 935 1990 ἔνια
953 1924 1102 1992 κὸπτοντοὶ
1125 1949 1160 1990 τε
1184 1930 1240 1994 καί

134 2030 256 2109 ξέοιτα,
271 2031 452 2106 ξυντιθέναι
465 2029 521 2092 νῦν
534 2031 567 2092 ἐν
589 2021 701 2104 ἄλλοις
714 2031 814 2106 λέξεσι
829 2025 884 2090 τὸν
896 2030 1150 2112 βλασφημοῦντα
1165 2032 1241 2092 νοῦν

133 2139 200 2204 τοῖς
214 2132 296 2204 νέοις
313 2126 421 2210 τέμοις
435 2122 613 2207 αὖτοῦ,ἰ“ι’τ’
626 2129 682 2193 eta
696 2130 813 2196 εἰδέναι
826 2135 887 2194 τῶν
903 2124 1082 2220 ἐπισκόπων
1097 2115 1237 2211 έγόντοον

132 2234 230 2294 πλέον
251 2232 346 2295 οὐδέν
373 2223 393 2315 ἢ
414 2225 464 2294 ὅτι
489 2227 613 2311 ἐξεσται
641 2225 785 2305 ἃκακιδς
814 2233 971 2310 τέθειται,
1007 2219 1058 2292 οἷα
1081 2231 1112 2294 δ’
1132 2225 1155 2292 δι’
1179 2233 1240 2312 μὲν

133 2329 259 2410 ἔξεσται
282 2322 335 2396 οἶα
362 2333 389 2396 δ”
411 2324 453 2396 oti
471 2329 645 2400 ἐτέθειται
664 2331 723 2418 την
735 2329 870 2416 δύναμίν
886 2335 965 2408 ἐστι,
986 2327 1106 2404 τούτων
1125 2333 1154 2395 δ’
1177 2324 1240 2398 οὔτ’

87 2448 124 2502 uo
135 2433 261 2496 ἐπαΐειν
273 2425 442 2508 ὅλοις-οὕτε
456 2436 643 2520 φροντίζειν.
656 2435 831 2518 προφέρειν
841 2433 903 2517 γὰρ
917 2431 973 2499 καί
983 2429 1141 2519 γραφικοῖς
1154 2434 1243 2516 λέγε-

137 2557 194 2595 ται
215 2538 409 2616 μαρτυρίας,
434 2533 493 2617 oriz
514 2532 557 2608 cic
576 2530 959 2617 ἔχουσινδγιειἀς,ιοῖλλὰ
978 2538 1243 2618 παραφθείροντο
1301 2553 1313 2566 ·

126 2636 182 2728 ιιιῇ
205 2637 266 2715 μὲν
278 2641 346 2712 ταῖς
359 2638 502 2716 ἐντομαῖς
515 2633 570 2699 καί
581 2633 807 2720 παραλλάξεσι,
828 2641 871 2723 πῇ
884 2638 919 2702 δὲ
939 2644 1007 2712 ταίς
1020 2638 1044 2676 “
1057 2632 1270 2721 παρεξαγα-ῐ·
1285 2631 1334 2686 ¹¹¹
1345 2630 1372 2688 b.

135 2741 211 2818 γαῖς
233 2731 317 2816 ἐμοῦ
334 2758 369 2803 τε
390 2739 445 2800 καί
463 2735 720 2821 παρεξηγὴσεσιν.
761 2726 816 2816 οἷν,
835 2739 866 2802 τί
888 2739 1098 2822 βουληθείης,
1128 2737 1184 2800 otia
1203 2728 1243 2800 ι’ίν

136 3051 205 3103 bent
222 3047 369 3113 licentiam,
396 3048 446 3100 iam
465 3045 540 3100 nulla
558 3054 708 3101 nostrarum
725 3062 813 3100 rerum
834 3053 911 3115 parte
928 3052 975 3100 aut
995 3047 1054 3100 visa
1078 3051 1125 3099 aut
1152 3047 1242 3101 audita

139 3139 169 3174 se
189 3120 286 3172 melius
307 3136 383 3188 quam
403 3134 452 3172 nos
472 3134 517 3172 eas
536 3122 700 3188 cognovisse
720 3119 914 3172 contenderent
933 3127 1012 3188 atque
1030 3125 1194 3172 monstrosas
1215 3127 1242 3172 et
1352 3142 1353 3146 ¹

139 3201 312 3260 portentosas
333 3190 437 3244 fabulas
454 3192 650 3259 confingerent.
690 3207 754 3260 quas
774 3192 844 3243 enim
859 3206 903 3243 res
923 3192 1048 3244 evenisse
1063 3190 1168 3259 quidem
1188 3205 1243 3245 vo.

139 3265 243 3329 lebant,
264 3263 347 3315 laetas
367 3277 433 3315 vero
454 3279 513 3315 esse
532 3277 586 3314 uon
606 3262 733 3316 videbant
752 3271 797 3315 aut
822 3277 887 3331 quas
911 3263 1001 3314 dicere
1026 3263 1132 3331 quidem
1158 3262 1241 3334 pole.

139 3337 205 3388 bant
222 3350 313 3403 aeque
332 3351 417 3399 vero,
442 3351 522 3403 quum
541 3343 587 3386 aut
605 3336 692 3387 statim
716 3335 767 3387 iam
786 3334 963 3386 refutationes
981 3335 1112 3386 adessent·
1124 3342 1170 3385 aut
1187 3349 1242 3386 nou

142 3409 253 3476 longum
273 3405 370 3458 abesse
389 3409 599 3474 suspicarentur,
611 3407 701 3458 dicere
720 3412 853 3473 poterant,
870 3421 915 3458 eas
934 3413 1023 3458 tamen
1035 3420 1126 3458 omnes
1145 3421 1242 3475 magna

141 3495 200 3530 curu
219 3480 374 3546 arrogantia
398 3479 425 3528 iu
452 3493 484 3530 eo
513 3486 696 3546 exposuerunt
709 3479 837 3544 temporis
855 3479 1055 3544 opportunitate
1073 3477 1243 3546 inexplorata

142 3550 306 3602 ementiendi
323 3549 402 3602 valde
421 3550 484 3602 freti
504 3557 580 3602 etse
605 3558 720 3614 toruum,
746 3558 776 3601 ut
801 3549 878 3601 nobis
898 3563 957 3600 eum
975 3548 1111 3614 inspicere
1130 3564 1184 3602 non
1204 3548 1242 3600 li.

141 3630 226 3687 ceret,
248 3621 320 3690 apud
337 3637 368 3673 se
386 3635 616 3690 reservareposse
635 3622 738 3673 conlisi.
758 3621 849 3672 dicuat
867 3628 954 3672 autern
973 3619 1104 3675 Falernum
1123 3621 1242 3673 adirau.

140 3695 200 3746 deur
221 3692 415 3762 simpliciorum
436 3702 463 3745 et
478 3694 511 3745 ad
520 3693 737 3746 conciliationem
747 3694 933 3759 episcoporum
942 3693 966 3743 ei
982 3691 1142 3744 elieusorum
1162 3707 1242 3761 quum

140 3764 194 3816 alia
219 3765 329 3828 iacere,
355 3772 409 3816 tum
435 3767 560 3834 quasdam
584 3764 763 3834 blasphemiae
788 3764 972 3832 dillingeutem
991 3771 1070 3830 atque
1090 3763 1242 3816 candentem

108 3857 111 3866 ·
140 3853 211 3890 nunc
230 3835 293 3890 aliis
311 3835 402 3890 verbis
420 3837 588 3905 blasphemas
607 3833 753 3890 sententias
771 3837 851 3888 novis
869 3835 947 3886 tomis
962 3849 1124 3904 componere
1143 3836 1242 3904 quippe

142 3925 221 3976 quum
242 3909 365 3976 episcopi
384 3908 453 3960 nihil
473 3909 585 3977 amplius
604 3907 885 3976 scirepossiut,quam
905 3921 980 3959 erasa
1000 3921 1071 3973 esse,
1091 3906 1241 3976 quaemale

140 3983 229 4047 posita
247 3989 339 4044 eraut;
360 3995 438 4048 quam
460 3988 548 4033 autem
567 3981 621 4034 vim
641 3980 685 4033 vel
705 3993 781 4033 erasa
800 3977 844 4032 vel
871 3978 959 4046 posita
984 3977 1118 4042 babeant,
1144 3977 1172 4029 id
1187 3993 1242 4039 ‘nec

141 4052 298 4123 intelligunt
316 4067 371 4103 nec
390 4060 492 4104 curant.
529 4051 681 4105 testimonia
701 4053 778 4104 etiam
798 4065 832 4103 ex
856 4049 939 4102 sacris
958 4051 1098 4118 scripturis
1117 4049 1241 4118 prolerre

47 4160 52 4170 ·
140 4125 255 4191 dicitur,
282 4139 340 4176 non
367 4120 415 4174 illa
434 4124 617 4192 quidemsana
635 4131 716 4190 atque
734 4123 857 4191 integra,
884 4121 932 4173 sed
951 4123 1045 4190 partim
1064 4119 1242 4174 incisionibus

141 4206 166 4250 et
188 4194 457 4261 commutationibus,
479 4185 572 4263 partim
595 4193 736 4248 fallacibus
756 4195 884 4261 etpravis
903 4191 1167 4261 interpretationibus
1179 4203 1243 4244 cor-

137 4280 220 4342 rupta.
242 4283 376 4344 quorum,
396 4266 418 4319 si
437 4267 488 4334 tibi¹
506 4266 609 4322 volenti
628 4275 678 4333 est,
698 4265 821 4337 equidem
838 4265 1076 4330 concessarum,
1095 4263 1142 4317 tibi
1162 4261 1243 4314 otium
