2926 4906
206 286 210 296 »
262 236 337 318 tto
564 248 789 316 tilclll’iloltl
821 237 1051 316 GR'EGORAE

262 409 317 494 τῆς
336 409 505 496 ἐκκλησίας
526 413 662 487 ἒννοίαις
684 403 853 492 ἑπόμενος,
879 413 975 477 ταῦθ’
986 407 1109 498 ’ὥσπερ
1140 413 1175 476 ἐν
1193 409 1349 499 μεταμέλῳ

261 511 428 595 γενόμενος
449 511 575 599 ηνάμης
597 511 757 598 διοράττει
777 512 833 578 κατ’
856 511 1006 600 ἀναιρεῖ,
1028 516 1098 590 πῶς
1116 510 1153 578 οὗ
1174 513 1362 600 παραβάτην.

262 603 377 677 ἑαυτόν
400 612 542 679 δείκνυσι
563 611 645 678 κατά
674 610 728 678 τ’δν
751 617 840 680 θεῖον
866 614 967 701 φάναι
997 613 1192 693 ἀπόστολον,
1218 613 1273 680 καί
1294 612 1355 698 άμα

261 704 368 800 ἑαυτῷ
389 713 572 796 μαχόμενον
582 715 639 779 καί
649 714 795 800 θεότητος
818 713 977 780 δέδεικται
996 711 1059 801 γάρ
1084 713 1177 792 αιἀἀς
1198 716 1233 780 ἐν
1250 737 1353 801 προοι-

261 814 348 898 μιόις
379 815 539 882 διδάσκων
570 813 655 901 ἡμᾶς
686 819 756 904 φῶς
789 815 824 881 ἓν
855 816 1030 903 ἀπρόσιτον
1064 810 1146 882 εἶναι
1177 813 1235 901 τὴν
1265 815 1374 900 μόνηνε

264 916 399 1000 ἐκείνην·
420 912 565 981 άάτιστον
585 917 643 1001 τῆς
663 920 828 1004 μακαρίας
854 919 984 1004 τριάδος
1007 917 1120 983 οάσίαν
1147 941 1181 984 τε
1213 917 1270 983 καί
1288 917 1355 983 θεό-

261 1041 349 1101 τητα.
394 1016 565 1103 ἀπρόσιτον
586 1022 615 1083 δ’
641 1017 741 1084 εἶπάν
759 1018 815 1083 κατ’
829 1016 966 1104 ἀόρατον
979 1019 1157 1104 δεδήλωκεν
1181 1011 1266 1084 εἶναι
1284 1014 1357 1101 μετὰ

263 1119 383 1182 πολλοῦ
404 1119 462 1182 cod
482 1119 673 1204 κρείττονος·
716 1115 757 1183 τά
773 1119 808 1183 δὲ
829 1125 897 1202 μετ’
912 1117 989 1185 αάτο
1010 1119 1112 1185 πάντα
1129 1122 1223 1206 φῶτα
1248 1117 1357 1184 κτιστά.

195 1211 326 1302 ”eleo
350 1221 378 1283 δ’
403 1214 441 1284 ἀν
460 1215 541 1284 ἄλλα
560 1243 594 1284 τε
614 1219 739 1306 μυρία,
764 1211 824 1285 ’καί
851 1217 914 1285 ὅσα
941 1223 1064 1306 μᾶλλον
1085 1218 1181 1297 αὐτὸς
1203 1217 1260 1304 τὴν
1279 1217 1358 1302 δμά-

262 1344 363 1404 νυμον
386 1319 496 1407 φωνην
514 1323 572 1385 τοῦ
607 1317 714 1407 φωτός
745 1319 827 1386 κατὰ
855 1319 911 1405 τὴν
941 1323 986 1398 εἰς
1016 1323 1116 1388 πλείω
1146 1313 1357 1406 σημαινόμενα
1365 1342 1390 1397 10

263 1423 478 1506 ποιησάμενος
498 1421 626 1487 ἔκτασιν
655 1425 689 1488 ἐν
719 1425 766 1512 τῷ
788 1424 864 1510 περὶ
882 1424 1104 1507 βαπτίσματος
1127 1423 1255 1502 ἐξέθετο
1276 1422 1359 1508 λόγῳ.

134 1523 301 1599 hucimor}
322 1526 431 1590 τοίνυν
449 1517 557 1612 ἑαυτῷ
576 1523 760 1608 μαχόμενος
782 1526 839 1590 καί
860 1525 988 1612 θεότητι
1009 1528 1147 1613 poenos?
1177 1521 1216 1590 ἀν
1231 1522 1251 1590 ό
1269 1523 1358 1609 μέγας

264 1618 354 1702 οὗτος
388 1624 600 1704 διδάσκαλοςς
637 1621 749 1711 sinope.
778 1625 973 1710 μαινομένης
1007 1625 1101 1692 ταυτὶ
1132 1625 1278 1700 διανοίας
1311 1620 1358 1686 καὶ

263 1726 403 1814 γλώττης
426 1725 490 1797 εἰσί
510 1725 746 1810 παρευρήματα
778 1724 860 1790 κατά
891 1727 948 1791 cod
970 1723 1084 1811 άηίου,
1107 1721 1206 1811 ἤθεσι
1227 1747 1357 1812 χρηστο-

157 1891 160 1898 ,
262 1826 368 1913 τέροις
392 1827 531 1910 δολερῶς
550 1820 774 1910 κρυπτόμενα·
822 1825 1007 1914 πολλὰγὰρ
1029 1829 1148 1902 ἐκεῖνος
1176 1827 1386 1913 ἀπαριδμη-ιε

266 1931 402 2010 σάμενος
423 1923 575 2010 λέγεσθαι
598 1928 707 2012 φῶτα,
737 1927 772 1992 ἓν
797 1929 859 1992 τῶν
881 1930 1007 1992 πολλῶν
1033 1921 1115 1992 εἶναι
1135 1927 1222 2012 λέγει
1243 1925 1357 1992 κάκεῖνο

263 2027 299 2094 τό
323 2031 403 2115 φάς,
423 2028 457 2092 ἐν
483 2016 509 2115 ᾦ
528 2023 574 2110 μη
596 2028 770 2109 δεδεῖχθαί
786 2052 884 2116 φησιν
904 2026 985 2092 ἀλλὰ
1000 2030 1263 2115 παραδεδεῖχθαι
1282 2047 1356 2111 τηνι-

265 2132 366 2194 καῦτα
387 2125 445 2212 τὴν
468 2126 614 2214 θεότητα,
635 2132 693 2212 τῆς
713 2129 804 2215 παρά
824 2128 1010 2215 προθέσεως
1030 2127 1231 2218 κολαζούσης
1249 2125 1282 2193 τό
1307 2119 1356 2188 od-

265 2233 366 2305 θαδες
381 2231 445 2293 τῶν
467 2228 593 2305 ἀτόπως
612 2227 654 2294 τά
674 2233 749 2294 θεῖα
770 2233 971 2312 βωμολοχεῖν
1002 2229 1224 2318 ἀρμημόνων,
1248 2225 1290 2305 ὥς
1310 2224 1356 2290 κατ’

264 2328 341 2414 ἡμῖν
365 2329 399 2394 ἓν
423 2325 531 2406 ἄλλοις
551 2328 680 2416 εἴρηταί
695 2354 729 2394 τε
749 2331 806 2396 καί
827 2325 870 2398 ad
890 2334 1041 2418 προϊοῦσι
1062 2331 1256 2418 τρανότερον
1278 2327 1384 2413 cipp-ll

195 2453 250 2507 25
263 2455 353 2497 σεται
374 2429 455 2494 κατά
474 2431 597 2517 χάραν.
640 2433 766 2518 παρίτω
795 2434 824 2495 δ’
849 2429 938 2516 ὅμως
967 2435 1000 2497 ἓν
1021 2436 1142 2518 βραχεῖ
1171 2431 1190 2496 δ
1214 2435 1351 2519 Χρυσορ-

265 2531 374 2618 ρήμων
386 2529 463 2615 ἡμῖν
484 2530 666 2616 συμμαχῶν
688 2531 835 2619 Ἰωάννης
845 2583 854 2613 ,
887 2532 1010 2620 εἴρηται
1029 2533 1128 2619 λόγων
1149 2534 1300 2609 πολλάκις
1314 2525 1348 2600 o‘t

335 2709 381 2764 22.
417 2711 448 2764 ἐκ
466 2710 518 2764 κοιλ
537 2711 578 2770 εἰς
595 2703 627 2766 τὸ
645 2707 823 2782 Εάαγγέλιον
842 2713 891 2765 καλ
909 2715 987 2773 τίνος
1004 2710 1093 2783 χάριμ
1112 2711 1144 2770 tr
1160 2711 1196 2784 τῇ
1214 2712 1283 2785 ἀμίς
1297 2723 1351 2765 πεν·

333 2785 449 2856 τηκοοτη
469 2773 539 2847 ἦλθε
556 2779 586 2834 τό
607 2787 725 2856 πνεσμα
746 2777 778 2838 τό
800 2779 894 2855 ἅγιον.

260 2953 447 3008 communibus
469 2961 496 3007 et
511 2954 564 3022 piis
583 2952 717 3008 ecclesiae
731 2954 1009 3022 praeceptis'innisus‚
1030 2952 1098 3006 haec
1112 2951 1207 3021 paullo
1227 2957 1286 3021 post
1302 2957 1353 3002 tau·

265 3039 342 3094 quam
360 3025 527 3092 poenitentia
547 3034 693 3079 commotus
711 3027 770 3093 ipse
790 3026 898 3080 sullodit
922 3033 950 3078 et
967 3025 1070 3077 aufert:
1094 3039 1186 3076 nonne
1205 3029 1354 3093 praecepto-

264 3111 322 3148 rum
340 3097 501 3149 violatorem
520 3112 550 3148 se
569 3098 656 3150 reddit
674 3103 704 3148 ut
715 3099 742 3150 S.
763 3096 901 3165 apostolus
921 3097 994 3162 dicit,
1013 3111 1120 3164 unaque
1139 3096 1187 3164 qui
1206 3101 1288 3148 semet
1304 3095 1354 3160 ipre

265 3174 292 3218 et
312 3167 438 3221 deitatem
456 3170 605 3235 impugnet.
643 3169 786 3221 affirmavit
812 3169 882 3220 enim
906 3169 965 3234 ipse
985 3167 1013 3218 in
1031 3167 1179 3234 prooemiis
1199 3182 1248 3219 nos
1267 3165 1354 3216 docens

264 3236 352 3290 lucem
373 3255 451 3291 unam
473 3239 688 3292 inaccessibilem
706 3256 766 3292 esse
784 3254 863 3291 unam
881 3238 956 3290 illanr
974 3239 1119 3290 increatam
1141 3239 1239 3290 beatae
1259 3235 1355 3288 trinita-

265 3309 300 3360 tis
320 3311 461 3362 essentiam
487 3318 513 3361 et
532 3309 677 3374 deitatem3
696 3319 723 3361 et
742 3311 804 3379 quia
825 3309 1040 3366 inaccessibilem
1059 3310 1126 3360 dixit
1146 3315 1175 3360 et
1192 3305 1354 3366 invisibilem,

265 3379 414 3432 declaravit
444 3383 522 3432 etiam
542 3381 625 3433 multo
645 3383 883 3451 praestantiorem
909 3395 1061 3449 quaerero
1086 3379 1148 3432 luce
1167 3379 1218 3431 hac
1237 3377 1356 3446 inferiora

264 3449 375 3516 lumina,
396 3467 456 3503 esse
475 3460 574 3503 creata.
612 3460 673 3504 sunt
690 3461 779 3503 autem
797 3453 863 3522 liaeo
887 3449 940 3503 alia
959 3453 1097 3502 innumera
1124 3459 1151 3502 et
1169 3454 1298 3519 quotquot
1313 3443 1355 3496 ille

264 3521 438 3588 ipso-codem
456 3525 564 3574 nomine
581 3523 725 3575 secundum
743 3523 812 3574 lucis
834 3524 862 3575 in
879 3523 1008 3591 rpluribus
1030 3522 1269 3574 manifestationem
1289 3531 1356 3568 com-

234 3591 240 3616 *
264 3593 440 3645 memoratio
460 3593 529 3647 libro
557 3595 591 3646 de
614 3594 781 3662 baptismate.
827 3596 889 3663 quid
909 3592 1011 3662 igitur?
1030 3594 1174 3647 videturne
1193 3587 1355 3665 magnns'hio

265 3670 425 3731 praeceptor
445 3667 631 3732 semetipsum
652 3674 680 3716 et
700 3666 824 3717 deitatem
843 3664 1020 3734 impugnare?
1062 3679 1148 3732 apage
1168 3663 1235 3714 haec
1252 3658 1354 3711 amentis

266 3736 403 3788 doctrinae
423 3745 450 3788 et
468 3737 578 3806 linguae
602 3744 713 3804 peccata
738 3738 766 3788 in
791 3738 914 3803 spiritum
940 3736 1075 3800 divinum,
1103 3734 1198 3788 dolose
1221 3734 1249 3784 in
1273 3727 1353 3783 verbis

267 3804 421 3874 quibusdam
440 3807 541 3876 pulcris
560 3809 708 3860 recondita.
753 3823 813 3859 nam
840 3823 918 3876 quum
936 3807 1019 3858 multa
1045 3807 1088 3858 hic
1110 3813 1248 3858 enumeret
1264 3801 1354 3879 luminp

267 3883 295 3929 et
313 3876 406 3930 horum
425 3879 505 3931 unum
526 3879 597 3931 dicat
613 3879 680 3938 illud
700 3894 752 3948 quo
773 3879 896 3931 deitatem
921 3878 999 3930 nobis
1021 3892 1075 3928 non
1094 3879 1179 3945 ipsam
1200 3873 1353 3926 manifestari

267 3947 314 4001 sed
332 3956 433 4001 tantum
454 3951 685 4003 submacilestaria
713 3953 771 4017 ipsa
796 3950 863 4001 haec
891 3950 975 4002 “sub'’
1005 3950 1170 4018 praepositio
1188 3945 1352 3998 temeritatem

267 4029 375 4073 coercet
394 4036 486 4073 eornm
511 4023 556 4088 qui
587 4029 638 4086 tam
658 4021 741 4072 stulte
765 4021 856 4073 divina
876 4021 970 4073 ludere
993 4021 1108 4073 student.
1155 4028 1184 4072 nt
1211 4015 1312 4069 anobis
1329 4012 1352 4062 in

266 4090 327 4143 aliis
345 4093 435 4148 multis
454 4092 552 4144 dictum
572 4101 613 4144 est
632 4099 659 4144 et
678 4107 756 4160 quum
767 4095 904 4161 progressi
925 4093 1023 4144 crimus
1042 4093 1103 4143 loco
1123 4106 1171 4143 suo
1190 4089 1292 4157 planius
1308 4097 1351 4136 er-

266 4173 391 4233 ponetur.
427 4165 549 4218 breviter
577 4179 648 4216 nunc
673 4163 743 4216 dicat
763 4163 968 4233 chrysostomus
985 4170 1078 4244 noster
1104 4163 1349 4224 loannem-“saepo
