2910 4896
254 339 328 418 262
558 349 782 418 NlCEPllOlll
814 351 1042 422 ouuooudu

188 535 243 588 η
359 515 469 576 Ταῦτα
504 508 543 594 δη
565 511 620 576 καί
640 517 758 578 τοιαῦτ’
782 517 861 595 έμοῦ
888 542 924 598 γε
945 513 1103 601 εἰρηκότος
1125 521 1179 581 καί
1201 507 1348 581 πεπεικό-
1434 523 1435 540 ’

220 636 225 646 ·
255 636 317 692 τος,
340 613 445 700 λάθρη
466 613 628 689 ἐξέπιπτεν
645 613 690 688 εἰς
706 614 802 689 α’κοοὶς
824 616 994 699 α’λλοτρίας
1010 621 1065 682 καί
1078 618 1277 698 ἀντιθέτους,
1300 619 1350 680 καί

133 710 336 796 έ.127ε.πρός
365 711 489 796 φθόνον
520 716 577 777 καί
599 709 701 798 φόβον
722 715 869 797 ἠρέθιζεν
898 713 1008 799 ἥκιστα
1033 716 1072 801 δη
1098 713 1246 804 φορητόν.
1287 717 1349 797 μό-

255 821 345 880 bosa
368 814 396 877 δ’
418 806 472 876 οῦν
498 813 645 879 ἁπάντων
666 817 813 898 έξέπληξέ
832 839 865 881 τε
888 819 943 882 καί
966 819 1095 903 έξέμηνε
1122 821 1349 900 Καντακουζη-

252 912 307 978 νόν
329 910 381 978 τόν
401 917 456 997 τῆς
477 919 533 979 τοῦ
557 917 637 978 θεοῦ
667 916 833 1000 ἐκκλησίας
862 910 996 1002 ὄλεθρον
1027 923 1083 984 καί
1100 915 1283 1004 βεβαιωτήν
1301 922 1370 1000 τῆςὸ

253 1009 326 1099 ὅλης
348 1018 459 1091 κακίας
489 1015 657 1097 διάπυρον.
712 1011 745 1092 ὃς
767 1015 868 1102 (λη’που
892 1019 946 1081 καί
965 1009 1072 1095 δείσας
1092 1017 1137 1102 μη
1159 1021 1236 1100 νῦν,
1260 1017 1349 1082 όπότι

252 1112 445 1202 μήτ”αῦτός
471 1120 641 1201 τυραννοίη
656 1119 738 1201 μηθ’
758 1117 773 1182 ὃ
796 1121 893 1182 ου’τοῦ
913 1117 1120 1202 μυσταγωγός
1142 1123 1260 1204 παρείη
1277 1125 1348 1185 Πο-

251 1221 367 1298 λαμοῖς,
387 1219 529 1305 ὑπέρσχῃ
553 1217 607 1281 καί
627 1222 727 1303 πέρας
750 1223 814 1306 σχῇ
833 1217 871 1284 τό
894 1224 1141 1300 βεβουλευμένα,
1164 1220 1271 1307 λάθρη
1294 1217 1348 1282 σόν
1436 1291 1437 1298 η

251 1321 353 1405 πολλῇ
372 1319 409 1405 τῇ
431 1320 554 1406 σπουδῇ
588 1320 764 1404 πεπομφοός
792 1319 933 1406 Ὑρκανῷ
961 1324 1005 1407 τῷ
1036 1323 1169 1408 γαμβρῷ
1198 1323 1255 1384 καί
1271 1324 1347 1402 βαρ·
1436 1311 1437 1322 ’

154 1417 157 1430 '
250 1418 340 1506 βόριρ
362 1419 514 1501 χρήματα
537 1419 788 1502 πρὸςΒιθυνίαν
808 1419 866 1503 την
886 1420 1007 1485 ἐκείνου
1022 1419 1129 1501 δεξιόν
1150 1424 1205 1485 καί
1227 1419 1383 1504 γνοόμην10
1436 1407 1437 1418 ¹

251 1517 504 1604 ἱκανοῦς·έχοντα
527 1523 707 1601 ἐμπιπλᾶν,
742 1527 887 1586 πέπεικεν
919 1522 1089 1607 ε’λεόθερον
1121 1520 1153 1597 ές
1177 1522 1350 1600 Βυζάντιον

253 1623 438 1686 σ’ποοτεῖλαι
464 1623 628 1700 Παλαμοῖν
660 1622 711 1687 τόν
737 1625 793 1707 τῆς
823 1621 933 1698 κακίας
964 1622 1162 1710 προστάτην,
1201 1603 1282 1706 ίνοι,
1303 1621 1348 1688 τόν
1437 1660 1438 1732 η

253 1721 401 1805 δεῦτερον
424 1721 523 1806 φόνοι
547 1726 655 1807 πλοῦν,
677 1726 849 1806 συμμαχία
867 1749 914 1798 τις
946 1728 989 1812 τῷ
1010 1727 1135 1814 πονηρηῦ
1159 1729 1239 1808 γοῦν
1261 1721 1348 1799 ου’τός
1437 1741 1438 1762 ¹

252 1826 395 1906 γίγνηται
424 1820 569 1906 δόγματι.
622 1821 640 1888 ό
670 1822 709 1908 δη
732 1827 788 1888 κατ’
820 1824 895 1909 η’μῖν
923 1824 1010 1904 ἔδοξε
1041 1829 1162 1907 μᾶλλον
1198 1819 1219 1909 ἢ
1250 1826 1348 1912 ἐκείνῳ

251 1927 395 2007 βέλτιον·
448 1922 528 2007 πρός
556 1927 616 2010 γὰρ
639 1926 780 2010 παρόντα
807 1931 871 1992 τεόν
892 1930 947 2009 τῆς
979 1928 1134 2013 αἰσχύνης
1162 1929 1381 2005 κινουμένων15

253 2022 401 2108 ἐλέγχων,
424 2027 480 2089 ουίι
502 2020 599 2112 οῦσης
621 2021 680 2112 ἤδη
702 2031 757 2111 τῆς
779 2028 908 2110 α’μοίχου
931 2032 1118 2110 συμμαχίας
1139 2031 1197 2095 τοῦ
1222 2025 1347 2094 Kouro—
1438 2046 1439 2122 η

255 2130 432 2210 κουζηνοῦ,
458 2132 577 2209 μᾶλλον
608 2131 728 2212 δὲ’τῆς
765 2132 951 2211 τυραννικῆς
977 2133 1032 2194 καί
1051 2132 1121 2194 λίαν
1143 2127 1347 2210 α’τόπου,οόκ
1438 2123 1439 2184 l

253 2229 382 2295 ἐλείπετ’
411 2222 450 2294 όν
490 2226 536 2294 ἔτι
568 2230 730 2315 πρόφασις
766 2231 931 2316 οἷποφυγης
966 2230 1034 2294 οόό’
1061 2231 1191 2314 ἡτισοῦν
1223 2232 1265 2318 τῷ
1295 2227 1347 2310 τὴν

252 2328 379 2413 γνοόμην
402 2333 457 2396 καί
479 2333 577 2396 πάντα
600 2329 716 2414 τρόπον
739 2331 924 2420 διαστρόφιρ
946 2330 1001 2395 καί
1021 2330 1124 2397 πάντα
1149 2329 1265 2419 οἶτόπηι.

186 2447 241 2500 4⁸
350 2431 437 2496 Ἀλλ’
457 2431 511 2496 ἐπί
525 2431 653 2507 ’τούτοις
684 2427 702 2514 ἦ
732 2431 985 2517 βασιλίςῖΕλένη
1013 2430 1093 2515 πρός
1121 2430 1296 2512 ’Βυζάντιον
1316 2430 1380 2493 έκλθ

257 2533 392 2594 Τενέδου
416 2531 575 2616 α’φιγμένη
597 2528 653 2616 την
676 2536 720 2607 εἰς
741 2536 834 2598 τοῦτο
856 2530 958 2619 ῥοπήν
980 2535 1162 2614 α’νεχοιίτισε
1182 2537 1241 2596 τοῦ
1256 2531 1344 2608 συζό.

252 2655 310 2714 γον
333 2633 389 2694 καί
409 2634 565 2712 βασιλέως
579 2630 812 2716 Παλαιολόγου,
829 2634 899 2717 μητ’
922 2632 1003 2718 αῦτη
1025 2634 1159 2720 μηδαμῇ
1173 2630 1356 2713 βουλομένη
1395 2685 1399 2694 ,
1439 2611 1440 2632 l

254 2734 310 2816 τῆς
327 2735 597 2817 Καντακοοζηνοῦ
619 2737 676 2799 τοῦ
698 2732 815 2820 πατρός
836 2735 991 2819 σιόχόνης
1007 2734 1067 2799 σῦν
1079 2755 1114 2815 γε
1135 2734 1179 2820 τῷ
1200 2735 1343 2817 πρέποντι

352 3023 425 3076 llaec
445 3031 472 3076 et
491 3022 588 3076 similia
607 3031 748 3091 postquam
768 3024 822 3076 dixi
841 3032 869 3077 et
885 3024 1007 3093 persuasi
1026 3022 1093 3075 elam
1111 3038 1156 3076 res
1175 3019 1344 3090 pervenitad

256 3095 358 3148 alienas
380 3110 458 3147 aures
485 3105 511 3148 et
536 3095 705 3148 adversarios
733 3103 785 3148 taur
812 3096 844 3148 ad
863 3097 989 3147 invidiam
1009 3111 1085 3163 quam
1107 3096 1138 3146 ad
1161 3096 1284 3146 timorem
1301 3091 1344 3144 ad-

253 3169 328 3219 duxit
346 3168 453 3218 minime
473 3167 624 3231 lerendum3
652 3168 766 3220 maxime
786 3183 850 3218 vero
875 3167 1019 3234 perterruit
1045 3168 1159 3217 omnium
1188 3174 1214 3217 et
1237 3179 1344 3231 exaspe-

253 3240 323 3291 ravit
340 3254 383 3289 res
404 3239 617 3292 Cantacuzenum
636 3239 744 3290 divinae
764 3238 895 3290 ecclesiae
914 3246 1016 3304 pestem
1035 3246 1061 3289 et
1078 3239 1248 3289 defensorem
1268 3234 1343 3287 omnis

153 3369 155 3378 s
254 3310 395 3378 pravitatis
416 3309 563 3360 ardentem.
600 3310 645 3377 qui
663 3311 785 3361 nimirum
807 3311 885 3362 etiarn
904 3312 1022 3373 veritus,
1048 3324 1084 3360 ue
1100 3324 1181 3372 nuuc,
1203 3321 1283 3376 quum
1299 3319 1343 3357 nee

254 3385 313 3448 ipse
335 3387 462 3445 tyrannus
483 3389 563 3444 esset,
581 3395 632 3432 nee
651 3389 809 3447 praeceptor
831 3397 894 3432 suus
920 3383 1026 3433 adesset
1044 3379 1174 3443 Balenae,
1195 3379 1344 3446 superarent

256 3461 283 3505 et
304 3452 414 3502 nimium
434 3450 557 3503 valerent
578 3467 609 3503 ea
630 3468 698 3520 quae
717 3451 864 3503 deliberata
879 3461 962 3515 eraut,
985 3451 1052 3503 clam
1071 3466 1166 3519 magno
1187 3467 1246 3502 eum
1265 3446 1343 3501 studio

254 3524 378 3590 llyrcauo
398 3537 499 3591 genero
529 3530 555 3575 et
573 3522 685 3575 barbaro
711 3525 738 3574 in
765 3523 918 3589 Bithyniam
942 3524 1024 3574 missa
1043 3523 1177 3591 pecunia,
1200 3537 1269 3590 quae
1286 3517 1343 3571 sutis

257 3603 328 3648 esset
356 3594 388 3646 ad
414 3593 574 3660 implendam
592 3594 672 3646 'illius
700 3593 817 3646 dextram
847 3604 874 3646 et
891 3603 1015 3658 mentem,
1034 3594 1167 3662 persuasit
1192 3602 1221 3654 ut
1239 3591 1343 3644 liberum

255 3668 373 3720 mitteret
401 3666 559 3731 Byzantium
581 3665 711 3717 Palamam
738 3667 876 3732 pravitatis
902 3675 1016 3717 tutorem
1041 3674 1069 3716 ut
1093 3665 1198 3715 adiutor
1223 3671 1343 3732 perverso

259 3739 318 3806 ipse
336 3737 381 3788 liat
399 3738 525 3805 dogmati.
564 3738 633 3805 quod
661 3737 739 3787 etiam
760 3737 838 3788 nobie
857 3739 942 3788 visum
963 3744 1003 3788 est
1030 3737 1117 3803 potius
1137 3751 1214 3804 quum
1232 3733 1274 3785 illi
1292 3745 1344 3782 me-

257 3809 321 3862 llus.
358 3823 417 3859 nam
437 3809 469 3860 ad
491 3810 644 3875 praesentia
664 3816 781 3858 ortorum
801 3824 834 3859 ex
853 3809 954 3875 pudore
984 3809 1120 3859 criminum
1141 3822 1220 3874 quum
1238 3803 1343 3856 nondum

257 3880 440 3946 insuperabile
461 3888 532 3932 esset
547 3879 674 3931 auxilium
685 3879 865 3932 Centaeuueui
887 3881 933 3931 sed
948 3879 1032 3945 magis
1051 3879 1216 3944 tyrannicum
1231 3885 1258 3927 et
1275 3872 1344 3926 valde

255 3955 372 4017 ineptum
392 3965 445 4002 non
466 3950 667 4019 relinquebatur
686 3951 737 4000 iam
756 3958 909 4015 praetextus
929 3951 1008 4018 fugae
1028 3949 1098 4000 ullus
1119 3948 1220 3999 homini
1239 3949 1265 3998 in
1281 3941 1343 3996 omni

254 4025 387 4075 sententia
407 4031 433 4074 et
451 4023 556 4074 ratione
574 4018 728 4088 perturbato
749 4029 776 4071 et
795 4022 916 4073 omnibus
933 4022 960 4072 in
978 4020 1057 4072 rebus
1077 4021 1180 4087 inepto.

354 4120 405 4173 Sed
428 4120 460 4171 ud
481 4119 547 4170 haee
565 4116 669 4168 llelenu
690 4119 782 4186 regina
796 4117 951 4184 Byzantium
970 4115 1076 4168 'l'enedo
1098 4115 1219 4182 prolecta
1239 4111 1343 4166 Palaeo-

259 4194 316 4264 logi
337 4191 458 4261 coniugis
482 4200 508 4242 et
527 4191 599 4258 regis
618 4190 645 4240 iu
658 4187 729 4260 hane
743 4205 798 4240 rem
817 4189 1021 4257 propensionem
1038 4187 1168 4252 cohibuit,
1187 4200 1273 4254 neque
1293 4184 1344 4248 ipsa

258 4264 315 4322 ullo
335 4263 411 4318 modo
431 4261 528 4316 rolens
548 4260 728 4317 cremensem
746 4260 831 4327 patria
847 4259 1009 4328 ignominiae
1024 4273 1082 4310 eum
1101 4259 1152 4332 ista
1170 4253 1342 4312 exsecratione
