2992 4916
207 371 705 444 meronrsnnrmumusu
728 349 1073 446 xxxmo-34.
1135 335 1208 446 nit
1260 327 1265 338 ¹

108 541 290 608 πείθουσαν
315 539 380 603 τῶν
402 536 580 624 προτέρων·
630 535 695 624 ὅσῳ
728 537 790 624 γάρ
828 538 905 625 πρίν
934 537 1083 616 ἰσοθέους
1117 537 1213 622 τιμάς

109 649 175 720 τοῖς
196 645 252 727 τῆς
266 640 634 717 Κωνσταντινουπόλεως
653 642 781 727 θρόνοις
802 648 966 726 παρεῖχον,
987 638 1125 725 τοσοότιρ
1146 664 1211 721 χα-

110 743 295 835 λεπωτάτην
314 745 347 821 ἐξ
371 741 542 808 ἀντιπάλου
564 741 619 828 τὴν
639 739 766 826 νέμεσιν
788 741 981 808 ἀντεδίδουν.
1023 741 1078 807 καί
1099 740 1117 806 ό
1136 742 1278 828 spo-⁸²

111 870 171 922 πος
192 841 228 920 δς
249 844 324 931 πρίν
345 844 402 930 τὴν
419 847 476 908 τοῦ
498 844 678 939 σμνειδότος
697 843 825 910 ἐκείνων
854 845 1064 929 χειραγωγῶν
1084 843 1214 925 ἐκόσμει

87 945 287 1030 5σεμνότητα
318 943 399 1032 πρός
428 943 468 1014 ,τό
495 948 551 1029 τῆς
574 945 671 1030 ἀκοῆς
698 947 924 1030 περίβλεπτον,
947 945 1094 1021 ἐπιεικῶς
1116 943 1214 1029 ἐρρόη

110 1043 194 1130 πρός
215 1043 251 1108 τό
273 1044 563 1131 περιφρανοόμενον
585 1045 710 1130 ἀρτίως,
733 1045 816 1128 εἰμὴ
840 1041 895 1107 διά
914 1042 1039 1108 πάντων
1061 1042 1117 1107 καί
1132 1065 1213 1107 παν-
1243 1103 1248 1112 ,
1335 1047 1338 1051 ’
1388 1091 1406 1110 s

109 1143 260 1222 τάπασιν,
296 1142 378 1209 ἀλλά
407 1143 461 1209 διὰ
491 1146 551 1227 μὲν
569 1147 633 1210 τῶν
652 1146 808 1210 πλείστων
836 1145 891 1209 κατ’
915 1141 1141 1228 ἁπλουστέρων
1162 1145 1211 1205 ἐπ’

111 1245 241 1310 ἔλαττον
264 1244 317 1310 άτε
340 1244 378 1329 δὴ
401 1249 464 1325 τοῖν
484 1243 632 1312 τοιοότων
651 1232 753 1332 μίκρά
784 1244 968 1322 συνιέντων,
993 1243 1097 1307 διὰκδ
1122 1244 1213 1308 ἐνίων

112 1343 157 1425 τός
178 1346 232 1412 ἕπε’
252 1349 287 1411 τό
319 1353 466 1414 πλεῖστον
490 1344 605 1432 ἀτεδῆ
638 1346 788 1434 βασκάνῳ
809 1349 955 1432 λογισμῷ
984 1344 1040 1410 καί
1061 1344 1211 1430 κριτηρίιρ

70 1452 102 1508 10
111 1446 342 1534 παρεχομένων
356 1449 411 1512 καί
431 1447 490 1529 οἰχ
514 1446 732 1533 όμοζυγοάσας
761 1446 816 1525 τάς
838 1448 1031 1533 πλάστιγγος
1053 1445 1214 1531 συνοροόν·

110 1573 176 1614 των
204 1551 261 1634 τῆς
288 1571 322 1613 τε
344 1548 501 1635 προτέρας
534 1548 641 1636 φήμης
672 1548 728 1614 καί
758 1552 815 1631 τῆς
845 1547 978 1613 κατόπιν
1009 1545 1119 1630 ἰοόσης
1140 1545 1214 1626 όψέ.
1243 1567 1246 1574 ’

114 1650 184 1714 ἀλλ’
216 1649 451 1736 ἐπαναληπτέον
480 1646 534 1713 τόν
562 1649 663 1734 λόγον.
714 1648 861 1736 ἔφθημεν
892 1647 955 1735 γάρ
984 1646 1123 1722 εἰπόντες
1143 1643 1215 1721 τοὺς

110 1753 172 1835 μὲν
190 1757 275 1838 τρεῖς
296 1753 361 1816 τοῖν
389 1753 446 1835 τη“ς
475 1747 549 1833 όλης
576 1748 712 1827 Ῥωσίος
746 1749 910 1837 ἡγεμόνων
932 1749 1015 1834 όμοδ
1031 1757 1097 1828 τοῖς
1122 1752 1215 1837 σφῶν

111 1848 264 1937 ἀπηκόοις
286 1850 458 1937 όρδόδοξσκ
485 1850 571 1931 ἔχειν
606 1852 701 1935 σέβας
731 1853 786 1917 καί
813 1851 890 1938 ἡμῖν
920 1849 1103 1939 ὁμόφρονας
1124 1843 1216 1928 εἰναι,

70 1951 166 2018 λῦσόν
186 1975 222 2038 γε
241 1949 312 2036 μὴν
324 1951 472 2038 τέταρτον
492 1952 547 2016 καί
563 1952 651 2035 μάλα
673 1951 805 2038 ἥκιστα·
828 1951 863 2032 δς
886 1953 924 2040 δὴ
949 1955 1004 2019 καί
1024 1954 1135 2035 μεῖζον
1159 1950 1215 2016 καί
1226 1967 1279 2018 88

112 2049 324 2138 ἰσχυρότερον
339 2050 423 2132 ἔχων
444 2051 557 2138 κράτος
575 2052 654 2116 κατά
666 2076 700 2115 τε
721 2056 843 2137 πλῆθος
857 2055 1007 2139 στρατιᾶς
1029 2051 1084 2114 καί
1106 2049 1215 2114 όπλων

112 2152 283 2238 ἐμπειρίαν
303 2148 365 2236 ἤδη
394 2152 449 2217 καί
478 2159 543 2228 τοῖς
563 2151 777 2238 βσρειοτὲροις
807 2152 997 2218 ἀνθίσταται
1015 2152 1158 2238 ΙΣκύθαις
1181 2151 1215 2213 ἐκ
1263 2205 1272 2220 ,

112 2255 232 2319 πολλοῦ
253 2253 309 2318 τοῦ
331 2253 513 2338 κρείττονος,
535 2253 590 2318 καί
610 2248 795 2317 τῶνᾶλλων
820 2255 965 2338 ἐτησίους
987 2251 1138 2317 διδόντων
1154 2250 1214 2336 φό-

113 2379 190 2441 ρους
222 2354 351 2430 ἐκείνοις
386 2352 514 2440 σάδαμῇ
548 2355 615 2418 ποτ’
650 2352 758 2430 αότός,
790 2351 835 2416 ἅτ’
873 2348 1011 2437 όχυροός
1030 2365 1128 2427 τινας
1161 2350 1214 2415 τό-

67 2471 195 2533 λθπους
215 2455 308 2518 οἰκῶν
326 2453 381 2519 καί
404 2453 632 2542 ἀγχιτέρμονας
661 2453 746 2534 ἔχων
769 2452 909 2532 Κελτοὺς
928 2454 984 2522 καί
1003 2451 1162 2529 Γαλάτας,
1186 2448 1218 2514 οἰ

112 2552 205 2640 παρὰ
224 2552 279 2618 τόν
301 2553 380 2640 πρός
407 2551 541 2640 ἄρκτους
561 2554 616 2619 κατ’
630 2554 754 2638 Θοόλην
767 2550 822 2638 τὴν
836 2556 932 2638 νῆσον
953 2555 1091 2618 οἰκοῢσιν
1113 2551 1216 2618 cisso-

112 2655 177 2734 νόν,
200 2652 276 2720 ὅθεν
300 2655 439 2742 ζέφυρός
459 2679 493 2719 τε
522 2655 759 2741 ἀνορρήγνυται
784 2654 839 2719 καί
857 2652 931 2721 ὅποι
961 2653 1062 2719 δόνων
1083 2651 1214 2738 πορτόε-

113 2779 168 2818 ται
187 2753 294 2838 ἥλιος,
314 2755 458 2838 μάχιμον
480 2753 573 2830 ἔθνος
602 2751 646 2833 εἰς
674 2753 715 2818 τά
740 2751 843 2819 πολλά
871 2754 927 2819 καί
957 2753 993 2817 οά
1018 2754 1130 2840 πόρρω
1152 2765 1343 2830 novumn.

113 2855 245 2940 γίνομαι
266 2856 367 2942 λέγειν
389 2855 667 2942 ἀνανταγώνιστον.
719 2855 788 2920 ἀλλ’
811 2853 896 2920 ἔστιν
922 2854 1162 2940 ἀλλοτριόφρων
1182 2871 1284 2924 reu

70 2980 106 3037 25
115 2954 172 3021 καί
193 2959 241 3044 τῷ
256 2955 335 3044 ἡλίῳ
357 2957 391 3021 τό
413 2958 468 3041 τῆς
496 2957 644 3043 λατρείας
667 2957 763 3038 σέβας
790 2953 894 3038 νέμων
913 2953 982 3038 μέν,
1002 2951 1217 3035 όπισχνοόμε-

118 3268 177 3323 sedi
196 3266 353 3330 tribuerunt,
377 3280 409 3319 εο
427 3265 578 3334 graviorem
597 3266 662 3318 irum
689 3263 861 3318 reddiderunt
880 3269 907 3314 et
928 3261 1033 3329 σόλοιο,
1053 3277 1085 3313 so
1104 3262 1218 3314 studium

118 3339 188 3392 iilud
207 3339 278 3406 quod
302 3345 380 3389 auter
399 3351 490 3389 eorum
516 3338 643 3404 pietatem
664 3343 773 3389 rexerat
803 3343 831 3386 et
856 3340 999 3386 ornnverrt
1020 3333 1119 3385 illustri
1139 3333 1217 3398 inuis,

118 3427 191 3464 nuuc
209 3424 260 3460 nec
279 3409 376 3460 iniuria
395 3408 423 3459 in
443 3416 603 3460 contemtum
627 3410 720 3472 uenit,
747 3422 801 3460 non
820 3407 889 3473 apud
909 3419 1001 3456 omnes
1024 3405 1150 3469 omnino,
1171 3406 1219 3458 sed

119 3481 252 3550 plurimos
272 3488 299 3532 ct
316 3479 442 3547 vulgares
464 3481 564 3548 quippe
583 3481 628 3548 qui
647 3481 732 3532 minus
752 3494 807 3530 reru
826 3485 1039 3546 cognoscerent,
1060 3477 1129 3542 upud
1147 3476 1219 3527 mul.

121 3563 174 3617 tos,
193 3552 239 3620 qui
257 3558 286 3602 ut
305 3549 461 3616 plerumque
482 3551 657 3603 iitiuridioso
677 3551 775 3602 iudicio
797 3556 953 3608 tenerentur
970 3563 1022 3600 nec
1045 3556 1071 3599 et
1092 3556 1219 3599 auterno.

122 3625 159 3676 ris
179 3624 264 3674 fumeo
288 3629 315 3672 et
334 3621 491 3688 posterioris
519 3630 654 3673 momentu
675 3623 865 3673 examinarent.
903 3620 950 3671 sed
969 3620 1114 3685 recipiatur
1131 3633 1219 3670 sermo

120 3709 237 3746 necesse
255 3699 305 3757 est,
324 3693 489 3744 narravimus
506 3699 560 3744 tres
578 3695 659 3745 totius
678 3687 790 3744 Russiue
808 3691 890 3742 duces
909 3705 966 3740 cum
982 3690 1085 3740 civibus
1103 3689 1220 3756 religio.

121 3782 176 3820 enm
196 3765 322 3831 pietntem
349 3763 472 3816 habuisse
487 3825 488 3828 ρ
503 3771 529 3814 et
555 3765 666 3815 eundem
684 3763 821 3814 nobiscnm
846 3761 970 3812 animum.
1007 3761 1114 3810 minimo
1131 3768 1221 3813 sutem

122 3844 242 3906 quartus,
262 3836 307 3903 qui
326 3835 439 3885 mniores
459 3835 622 3885 exercituum
641 3847 764 3884 numeros
783 3847 815 3882 nc
832 3845 931 3883 nervos
951 3839 977 3883 et
995 3845 1126 3882 armorum
1144 3847 1221 3883 usum

122 3906 239 3959 habebnt
258 3913 285 3957 et
302 3905 368 3972 ipsis
387 3903 649 3972 septentrionalibus
671 3901 777 3970 Scythis
796 3902 880 3954 multo
898 3903 1022 3968 superior
1041 3903 1143 3955 viribus
1161 3911 1218 3954 erat

123 3987 160 4042 et,
182 3992 261 4046 quum
281 3975 379 4043 reliqui
398 3975 491 4042 populi
503 3991 589 4026 τουτο
608 3975 663 4028 illis
683 3973 828 4042 vectigalis
845 3973 993 4038 solverent,
1013 3988 1147 4042 nunquam
1161 3976 1221 4040 ipse

121 4049 211 4114 dubet,
229 4047 301 4118 qnod
319 4047 419 4098 munito
437 4047 564 4114 quaedum
583 4044 643 4098 locu
662 4045 771 4098 tenebat
789 4052 816 4097 et
834 4046 999 4113 propinquos
1017 4045 1132 4096 habebnt
1152 4043 1219 4097 Gel.

120 4129 164 4174 tos
184 4128 211 4171 et
229 4117 398 4186 (inlatumqui
416 4118 448 4168 ud
468 4132 595 4170 ocenuum
614 4118 831 4184 septemtrionem
850 4124 877 4167 et
891 4116 999 4168 'situlum
1021 4115 1134 4167 insulem
1153 4129 1220 4166 ver.

121 4207 168 4246 sus
189 4197 346 4257 vergentem
366 4187 505 4254 habitunt,
533 4189 604 4240 unde
631 4188 767 4254 zephyrus
795 4187 879 4254 spiret
900 4195 928 4239 et
945 4187 987 4240 sol
1008 4187 1115 4238 occidit.
1151 4198 1218 4253 gens

121 4261 281 4332 plerumque
300 4259 432 4336 bellicoso
454 4267 496 4324 et,
523 4259 593 4330 quod
624 4259 733 4314 nimium
751 4272 806 4312 non
826 4264 881 4323 cst,
900 4259 1011 4324 inuicto,
1029 4257 1077 4312 sed
1092 4255 1220 4310 ¹divorsus

1269 4091 1276 4122 i
