2880 4910
181 323 399 460 nrsroama
427 349 685 458 nrznnrrntu
705 389 799 458 xxx.
819 368 1004 464 et-to.
1086 379 1157 457 297

92 555 262 643 ἐνεργητικῆς
290 555 456 639 δυνάμεως
486 557 685 633 ἀποτέλεσμα
719 557 859 638 ἐνέργεια
892 557 950 618 καὶ
980 549 1072 636 ἔργον
1108 548 1163 614 ιιαέ

91 662 234 744 ἐνέργημα,
258 659 301 736 οές
314 657 392 744 ἔργα
404 656 461 724 ναέ
476 661 628 741 ἐνέργειαι
643 660 723 722 θεοῦ
734 657 774 742 γῆ
793 660 848 722 aad
859 653 992 742 ου’ρανὸς
1004 655 1059 720 καί
1070 650 1109 719 τοὶ
1130 650 1163 718 ἐν

12 755 14 772 '
90 759 209 838 ιοῦιοις·
224 764 316 886 φησί
337 759 398 845 γὰρ
420 759 435 824 ῦ
458 764 546 837 θειος
569 761 789 842 ἐκΔομασιιοῦ
808 755 1001 842 Ἰουεὶννηςε
977 781 1019 832 ως
1043 757 1193 840 ἧένὲρ·ῖ
1206 751 1287 810 141¹·

27 889 36 952 γ
89 885 143 946 γεια
156 861 208 958 ναέ
217 865 372 990 ἐνέργημα
386 866 522 946 λέγεται,
536 862 591 926 καὶ
601 858 783 924 τούναντίον
799 862 940 944 ἐνέργεια
952 884 987 922 το
975 856 1165 942 ἐνέργημα,

71 965 121 1041 οῦς
138 967 187 1029 ναέ
201 961 234 1030 νῦ
259 967 375 1047 κτίσμα
396 969 504 1040 κτίσις.
547 958 660 1028 καθ’ι
642 987 658 1025 ο
681 961 911 1047 σημαινόμενον
933 965 988 1026 καί
1006 959 1060 1026 νῦν
1084 952 1166 1024 οἶνον

89 1067 129 1131 ἐνέ
128 1066 224 1149 ργειοὶν
239 1089 347 1152 φαμεν
363 1071 421 1130 τοῦ
439 1061 618 1146 οἰκοδόμου,
641 1062 696 1129 nni
707 1066 762 1128 τοῦ
777 1067 940 1148 ναυπηγοῦ
957 1061 1013 1147 τῆν
1035 1059 1165 1126 ὁλκάδα.

89 1167 209 1252 ἐνέργεια
232 1154 354 1252 λέγεται
376 1172 431 1234 ιιαέ
453 1165 471 1253 ἤ
495 1165 575 1252 πρὸς
594 1165 632 1232 τῦ
663 1161 872 1250 ἐνεργούμενα
895 1169 1031 1250 κίνησις,
1053 1166 1163 1246 σχέσις

88 1293 122 1344 τις
139 1263 215 1334 odon
235 1271 288 1334 καὶ
308 1273 425 1352 μεταξῦ
447 1273 652 1354 θεαρουμένη
685 1272 743 1332 τοῦ
761 1292 796 1332 τε
825 1269 1088 1351 δημιουργοῦντας
1111 1263 1165 1328 ναέ

89 1370 138 1434 νῦν
154 1366 461 1454 δημιουργουμέυιυν,
484 1368 629 1454 καθάπερ
651 1369 670 1454 ἦ
695 1369 752 1434 τοῦ
775 1367 941 1449 οἰκοδόμου
956 1367 1033 1452 αρὸς
1055 1364 1088 1432 τῦ
1114 1369 1164 1448 αι’-,ν

12 1493 13 1498 ’
60 1471 301 1552 Ιένοέομυῦμενον
336 1475 391 1537 καί
436 1472 494 1537 τοῦ
527 1478 691 1557 ναυπηγοῦ
718 1468 796 1555 πρὸς
829 1466 865 1534 τῦ
890 1475 1008 1534 πλοῖον.
1067 1461 1166 1550 dunc*

88 1570 270 1655 συμβεβηκὸς
302 1565 384 1639 οῦσα
416 1577 495 1638 καθ’
527 1572 624 1656 αῦνην
657 1571 888 1655 συγκαταλὴγει
918 1573 957 1660 τῇ
975 1574 1036 1634 τῶν
1060 1563 1166 1653 ῦκριον

88 1671 159 1754 λη’ξει
179 1675 235 1736 καί
262 1672 367 1738 οῦκέτι
392 1671 478 1739 ἐστέν
501 1675 606 1738 ου’έέν.
650 1672 724 1758 σερέ
746 1663 783 1757 ἧς
811 1676 866 1736 καί
895 1671 1083 1755 ῦθεολόγος
1103 1668 1166 1758 ἔφη
1217 1694 1219 1700 ·

88 1768 102 1832 ἐ
120 1776 197 1846 θεῖοι
217 1777 250 1839 Γ
249 1769 393 1858 ρηγῦριος
419 1775 463 1852 ὥς
483 1771 727 1861 ἐνεργηθησοται
758 1777 814 1841 καί
834 1773 891 1839 υνίι
921 1771 1092 1858 ἐνεργηόει,
1113 1777 1169 1838 καί

89 1869 158 1950 ἐμοῦ
175 1878 216 1960 τῷ
247 1872 457 1962 ἐνεργηθῆναι
480 1871 656 1956 παύσεται,
679 1878 824 1960 καθάπερ
848 1879 904 1942 ιιαέ
925 1877 944 1961 ἦ
964 1873 1084 1957 μεταξιέ
1108 1878 1167 1941 τοῦ

59 1970 234 2057 otrentum
254 1979 310 2042 καί
330 1981 389 2041 τοῦ
414 1976 547 2062 ὁρῶντος
579 1970 690 2061 ὅρασις
713 1981 768 2042 καί
790 1977 808 2060 ἦ
831 1980 929 2058 μέσον
951 1977 1010 2040 τοῦ
1031 1978 1168 2060 γευομέ-

88 2093 134 2136 νου
154 2078 205 2139 καί
224 2080 283 2142 τοῦ
304 2081 440 2162 γευστοῦ
460 2080 579 2162 γεῦσις.
605 2081 660 2143 καί
679 2073 694 2140 ῦ
713 2063 891 2160 Νῦσσαέυον
910 2079 945 2142 δὲ
966 2081 1054 2152 θεῖος
1077 2079 1108 2140 Γ
1107 2102 1167 2161 ρη-

86 2176 178 2259 γέριος
199 2204 244 2304 μη
234 2176 427 2244 δῦνασθαέ
444 2204 541 2265 φησιν
557 2183 717 2262 ἐνέργειαν
731 2176 961 2264 αἰιεργοστικήν
982 2204 1051 2243 τινα
1066 2179 1168 2261 πράγ-

86 2299 172 2355 ματος
200 2280 302 2365 ου’την
332 2283 384 2367 ἐφ’
407 2275 524 2366 ἑαυτῆς
556 2306 725 2365 συστηναι,
747 2279 792 2364 μή
815 2305 899 2356 τινος
931 2280 1166 2362 ὑποδεχομένου

88 2379 136 2460 τῆς
153 2381 305 2465 ἐνεργείας
334 2407 392 2466 την
416 2385 546 2468 κινησιυ.
593 2386 767 2466 α’ναγκαέαν
798 2381 859 2465 γοέρ
883 2379 968 2466 ἔχειν
985 2383 1089 2445 ταῦτα
1111 2405 1170 2465 την

55 2484 184 2559 nogion
206 2481 283 2568 πρὸς
316 2476 436 2608 ῦλληλα
469 2483 523 2569 τήν
549 2509 582 2551 ιε
602 2483 799 2570 ἐνεργητικηυ
828 2509 880 2548 και
912 2508 968 2568 την
991 2481 1169 2604 ααθητικην
1214 2489 1216 2494 ’

89 2573 237 2659 δύναμιν..
272 2569 317 2648 ὧν
351 2587 382 2650 εέ
409 2587 585 2708 χωρισθεέη
616 2586 660 2674 τῷ
691 2584 771 2674 λόγῳ
803 2581 839 2648 τέ
874 2585 1007 2708 ἕτερον,
1040 2581 1097 2647 οῦκ
1129 2608 1170 2646 ιιν

89 2679 136 2764 ἐφ’
154 2675 269 2752 ἑαυτοῦ
298 2691 435 2770 σοσταιη
465 2711 517 2751 και
538 2685 573 2751 τέ
608 2684 810 2769 λειπόμενον·
854 2687 884 2750 εἰ
901 2710 947 2768 μη
970 2686 1030 2771 γὰρ
1054 2710 1105 2757 ναι
1131 2680 1167 2755 to*
1254 2703 1260 2708 ’

89 3021 139 3106 igni
156 3026 233 3092 inest,
254 3033 281 3078 et
299 3026 446 3096 frigerandi
465 3029 542 3094 nivi,
562 3035 589 3080 ct
612 3028 744 3080 sentiendi
764 3025 881 3091 animali,
900 3035 938 3078 et
957 3027 1091 3080 efficiendi
1110 3029 1174 3083 efu-

90 3095 170 3148 oienti.
207 3100 286 3150 etiam
308 3099 450 3152 efficientis
475 3102 517 3153 vis
535 3101 667 3168 perfectio
695 3101 792 3152 dicitur
819 3099 964 3151 efficientia
984 3100 1126 3152 etinctum
1146 3110 1174 3154 et

91 3167 210 3252 eiectum,
230 3179 259 3222 ut
279 3170 349 3224 iacta
370 3179 396 3222 et
415 3172 579 3224 efficientiae
599 3173 642 3223 dei
662 3173 784 3224 dicuntur
803 3180 874 3223 terra
889 3179 915 3223 et
934 3171 1038 3223 coelum
1059 3178 1085 3222 et
1104 3188 1172 3240 quae

89 3237 112 3287 iu
130 3241 162 3291 iis
179 3250 329 3294 versantur.
373 3244 411 3294 ait
438 3245 506 3294 enim
536 3245 642 3296 divinus
669 3245 781 3296 ioannes
810 3241 1007 3296 damascenus:
1029 3243 1174 3296 efficientia

91 3310 301 3366 etiemedectum
323 3314 435 3380 dieitur,
456 3324 535 3366 etex
558 3317 691 3367 contrario
722 3316 843 3367 effectum
867 3315 1026 3380 efficientia,
1046 3322 1075 3366 ut
1094 3301 1174 3368 etiam
1200 3324 1207 3330 “

90 3391 194 3434 creatum
216 3387 334 3449 creatio,
359 3388 503 3455 secundum
531 3403 608 3454 quam
632 3388 853 3455 significationem
884 3389 962 3438 etiarn
981 3353 1084 3438 domum
1103 3387 1174 3440 dici.
1195 3394 1198 3400 '

89 3465 138 3504 mus
159 3456 329 3508 efficientiam
355 3458 496 3511 architecti
523 3467 549 3509 et
566 3459 674 3510 navium
700 3459 878 3510 aedificatoris
896 3474 992 3510 navem
1015 3461 1172 3511 onerariam.

93 3523 227 3580 citioientis
255 3529 354 3578 dicitur
373 3530 452 3579 ctiam
469 3531 572 3582 moveri
592 3531 624 3581 ad
647 3545 696 3593 ea,
717 3545 785 3598 quae
803 3530 975 3594 efficiuntur,
997 3538 1024 3582 ct
1046 3540 1086 3583 est
1105 3533 1173 3584 ratio

90 3598 208 3660 quaedam
228 3615 297 3667 quaa
318 3601 460 3652 intercedit
477 3602 547 3652 inter
567 3601 688 3652 efficiens
709 3610 735 3652 et
755 3601 891 3666 effectum,
914 3609 943 3652 ut
961 3601 1122 3655 architectus
1142 3603 1175 3655 ad

88 3668 227 3720 aedificium
246 3671 370 3734 aceedit,
393 3680 421 3722 et
439 3673 548 3723 nuvium
566 3673 720 3724 aedificator
738 3672 771 3723 ad
789 3687 899 3737 navem,
919 3689 994 3740 quae
1012 3676 1094 3724 motio
1115 3690 1173 3725 curu

88 3740 202 3793 accidens
221 3743 257 3794 sit
272 3757 320 3808 per
339 3757 369 3792 se
389 3759 447 3793 eum
469 3752 646 3795 extremorum
660 3745 713 3794 fine
727 3744 834 3808 desinit,
854 3759 942 3812 neque
963 3753 1002 3796 est
1022 3746 1072 3796 iam
1093 3746 1173 3814 quid..

87 3823 167 3874 quam.
186 3811 248 3864 de
238 3829 290 3881 qua
310 3815 388 3864 etiam
410 3815 515 3867 divinus
536 3815 696 3882 Gregorius,
716 3814 860 3882 theologus
883 3814 948 3881 ilie,
968 3818 1020 3868 ait:
1041 3817 1173 3869 efficietur

85 3893 166 3949 neque
183 3899 249 3936 vero
270 3885 381 3949 efficiet,
402 3893 428 3937 et
446 3885 605 3954 simulatque
623 3887 719 3939 edocta
738 3894 787 3949 est,
809 3887 924 3951 desinet,
943 3895 973 3938 ut
990 3890 1069 3940 etiam
1089 3891 1173 3953 visus,

86 3953 126 4016 qui
144 3954 211 4007 inter
230 3958 317 4010 visum
338 3964 364 4007 et
383 3958 516 4009 videntem
536 3959 696 4022 intercedit,
726 3966 752 4009 et
772 3959 848 4022 inter
865 3966 1012 4026 gustantem
1035 3966 1061 4010 et
1080 3969 1173 4028 gusta

85 4028 134 4073 tum
152 4035 281 4094 gustatus.
302 4035 328 4078 et
347 4029 454 4080 divinus
472 4029 617 4113 Gregorius
634 4029 769 4094 Nyssaeus
786 4028 860 4092 dicit,
878 4044 931 4081 non
950 4044 1040 4096 posse
1050 4031 1175 4084 efficien-

84 4094 142 4146 tiam
163 4097 244 4150 uliam
264 4099 305 4150 rei
326 4099 489 4152 efficacem
482 4115 565 4166 ipsam
585 4103 612 4151 in
631 4117 661 4154 se
681 4108 820 4165 constare,
839 4101 891 4152 nisi
917 4101 979 4169 quid
998 4103 1112 4168 recipiat
1132 4104 1175 4154 ei-

83 4164 215 4220 oetentiae
237 4171 392 4222 motionem.
440 4171 506 4222 haec
533 4173 603 4238 enim
633 4170 733 4223 habere
760 4173 939 4226 necessariam
958 4174 1088 4225 rationem
1106 4175 1177 4224 inter

84 4251 122 4300 se,
139 4241 253 4293 activam
276 4249 304 4292 et
321 4243 454 4310 passivam
480 4244 550 4295 vim:
582 4258 692 4312 quorum
711 4245 734 4295 si
758 4252 913 4296 secernatur
930 4245 1034 4296 ratione
1054 4244 1175 4306 alterum,

83 4321 134 4360 non
154 4313 180 4362 in
202 4329 231 4366 se
252 4323 358 4372 constet
377 4314 457 4364 etiam
476 4315 619 4385 reliquum
639 4316 737 4368 etenim
751 4317 774 4370 si
793 4329 846 4368 nou
866 4317 901 4372 sit
920 4317 996 4368 etrum
1007 4330 1050 4368 rus
1063 4315 1176 4388 patiens,
