2952 4902
316 355 387 431 172
630 361 855 432 armisoni
889 353 1121 432 amasonia

311 549 346 592 u
368 525 454 605 δεξιοὶ
488 529 544 592 ναί
575 526 727 610 ἀριστερὰ
747 531 805 592 τοῦ
829 529 979 604 Ευξείνου
1014 521 1260 604 διανειμάμενοι
1284 519 1400 588 Πόντου

311 627 443 710 πλευρά,
468 625 559 704 ὅσαις
579 623 620 693 ίίν
642 628 803 712 ἐντύχοιεν
820 631 926 692 ναυσί
946 629 976 692 Γ
975 631 1192 702 εννουῖτοναῖς,
1213 626 1403 708 ἐνεπίμπρα-

311 727 372 792 οοίν
394 753 428 792 τε
449 735 504 794 ναί
523 729 637 811 βόθοος
653 736 860 813 παρεπέμπον
883 730 1088 802 διαποντίους.

413 834 482 895 Καί
507 835 608 896 ταῦτα
636 836 697 912 μὲν
732 835 808 919 τῇδέ
830 857 871 918 πῃ
904 828 979 911 ἔσχε
1018 831 1073 892 καί
1102 828 1119 891 ὁ
1152 832 1206 910 τῆς
1236 824 1403 911 διηγήσεως

307 931 531 1021 Ἀγαθαγγίλφ
558 930 685 1016 δρόμος.
740 937 881 997 ἐνταῦθα
911 934 1108 1015 ἐπεραίνετο·
1167 927 1223 994 ναί
1251 927 1288 994 τὸ
1317 931 1422 1011 &iperi

310 1027 401 1115 ἔληγε
423 1037 596 1117 τηνικαῦτα
618 1035 674 1098 καί
691 1032 849 1099 ἐτελεύτα.
869 1047 877 1052 “

244 1146 300 1200 ὅθ
406 1133 482 1217 Ἐγοό
514 1137 548 1199 ‹tt
568 1133 739 1216 ὑπολαβών
758 1128 806 1198 “ei
828 1138 903 1199 καλὲ
931 1135 1162 1217 ’Arniensis'
1192 1131 1296 1218 ἔφην,
1320 1126 1401 1214 αὥρα

309 1257 360 1300 σοι
383 1235 511 1300 οἶποέναι
539 1229 599 1319 ἤδη
629 1234 702 1319 πρίν
725 1234 782 1319 τὴν
816 1239 971 1300 ἐπιοῦσαν
1002 1235 1092 1318 ἡλίου
1115 1234 1207 1318 φλόγ’
1237 1235 1400 1315 α’νασχεῖν·

309 1334 470 1418 προύργου
496 1333 558 1418 γὰρ
584 1343 650 1412 τοῖς
671 1339 757 1416 ἐμοῖς
778 1329 860 1399 εἶναι
883 1337 1032 1411 decantare
1059 1335 1230 1416 συμβαίνει
1262 1329 1316 1398 διὰ
1340 1356 1402 1398 ter-

308 1437 413 1519 τάρων
445 1431 467 1519 ἢ
495 1440 591 1518 τριῶν
612 1459 646 1517 γε
679 1436 756 1512 ἴσως
779 1437 906 1519 ἡμερῶν
934 1435 986 1500 τὸν
1014 1435 1091 1516 ἐμὸν
1117 1437 1243 1498 τουτονί
1265 1433 1432 1517 asperet-10

308 1559 422 1620 χουοον
441 1531 525 1601 οἶκον
546 1532 797 1621 ῥινηλατονίντων
819 1539 907 1620 δίκην
926 1537 1107 1619 deperierint
1131 1536 1247 1615 νυνοῖν,
1269 1534 1324 1600 καί
1341 1537 1400 1607 δέος

307 1634 351 1719 μὴ
374 1639 576 1716 αἰσθομένων
600 1642 709 1721 φωνῆς
730 1636 814 1712 τννὸς
845 1634 975 1702 ἔνδοθεν
1003 1635 1111 1720 ἴχνους
1133 1633 1190 1720 τὴν
1214 1634 1316 1720 αυύἡν
1337 1634 1401 1726 ἡμῖν

309 1733 390 1826 οἷλῷς
413 1733 557 1801 θανᾶτου
581 1740 669 1823 δίκην
690 1732 798 1825 ἔφλων
821 1742 876 1804 καί
897 1740 1001 1814 ου’τός.
1056 1731 1152 1802 ἄπιθι
1173 1739 1293 1821 τοίνυν,
1318 1736 1354 1801 τὰ
1376 1736 1399 1797 δ’

307 1839 447 1922 ἡμέτερα
473 1831 545 1901 ὅποι
573 1840 696 1903 κελεύοι
733 1839 809 1915 θεὸς
843 1839 918 1905 ἴτω·
972 1837 1075 1904 πάντα
1105 1836 1166 1923 γαρ
1198 1844 1257 1922 τῆς
1292 1841 1399 1904 ἐκείνου

306 1940 412 2022 χειρὸς
446 1943 502 2004 καί
522 1943 671 2024 προνοίας
698 1943 838 2026 ἐξῆπται.
893 1937 989 2008 οἶσθα
1025 1943 1054 2005 δ’
1087 1940 1130 2014 οἷς
1159 1938 1253 2024 ἐγγύς
1275 1955 1337 2004 που
1356 1935 1429 2000 ναί15

309 2037 408 2123 μόνον
430 2042 470 2105 ου’
490 2039 551 2127 πρὸ
573 2046 683 2127 θυρῶν
706 2042 761 2108 καί
783 2043 801 2126 ἧ
824 2037 1006 2118 τοῦπιόντος
1029 2041 1120 2117 ἔτους
1142 2043 1241 2126 ἀρχή,
1265 2045 1300 2106 ἐν
1319 2031 1336 2130 ᾖ
1356 2039 1399 2101 ναί

307 2142 414 2226 χρεών
434 2145 552 2209 είίὲναο
573 2167 609 2209 σε
630 2147 811 2224 εἰθισμένον
827 2152 894 2219 τοῖς
914 2137 1067 2228 ἄρχουσιν
1089 2137 1170 2207 εἶναι
1193 2143 1398 2212 διαλεκτικούς

307 2267 393 2330 τινας
417 2237 535 2329 ἄνδρας
560 2248 594 2310 ἐκ
620 2242 786 2329 περιόδου·
796 2249 990 2330 προπέμπειν
1021 2245 1116 2330 ἡμῖν,
1144 2243 1273 2320 ὁποίους
1296 2247 1328 2308 ἐν
1348 2247 1398 2303 λα-

307 2343 407 2430 υιίπης
428 2346 482 2410 καί
503 2351 645 2430 θυμέλης
661 2347 715 2412 καί
733 2350 889 2430 συρίγγων
901 2349 955 2412 καί
976 2349 1035 2412 τοῦ
1054 2337 1206 2428 septunce
1228 2343 1397 2426 λαμβάνον-

300 2467 356 2520 -τες
379 2445 546 2527 θεολόγους
569 2446 644 2530 ἡμῖν
667 2446 905 2533 αὕθημερονούς
923 2446 1018 2512 αίτοί
1038 2445 1277 2530 aperitionem,
1301 2436 1426 2523 n‘s'cnmpo

306 2540 336 2608 οἱ
363 2547 461 2628 μῦθον
488 2543 585 2612 πάλαι
617 2546 691 2625 τούς
719 2551 886 2632 γίγαντας·
941 2551 982 2612 δι’
1020 2538 1066 2610 ὧν
1100 2544 1234 2627 ἔλλοχᾶν
1264 2541 1344 2629 ἡμᾶς
1363 2539 1396 2602 ου’

174 2643 294 2704 Ηῧῧῑ·
307 2643 391 2730 παρα
416 2651 540 2732 φαῦλον
562 2653 724 2714 ποιοῦνται
749 2646 801 2713 tri
826 2652 1069 2715 uaticinantis*
1093 2647 1294 2730 πολλαχόθεν
1309 2646 1331 2685 ⁰
1350 2636 1396 2703 καί

376 2849 404 2904 8.
429 2851 570 2927 &suspense
589 2855 676 2911 πολιν
692 2849 909 2927 Ἀγαθίγγελον
929 2852 944 2912 ὁ
964 2853 1121 2926 sperastis·

307 3025 448 3078 celerrime
466 3041 593 3080 reversae
613 3035 675 3080 sunt
693 3044 742 3096 per
759 3027 871 3080 Pontum
884 3027 1015 3080 Euxinum
1034 3027 1200 3078 dextrorsum
1219 3031 1247 3076 et
1266 3021 1391 3075 sinistror-

306 3113 362 3150 sum
380 3099 538 3167 navigantes
568 3099 613 3150 ubi
634 3099 813 3152 Gennensinm
834 3114 919 3152 naves
950 3097 1118 3151 offenderunt
1142 3103 1169 3148 et
1186 3094 1350 3147 incluserunt
1371 3093 1392 3137 ei

305 3169 333 3222 in
352 3185 423 3221 mare
443 3170 601 3236 profundum
621 3171 830 3223 submerserunt.

405 3264 478 3316 Haec
496 3267 579 3334 igitur
597 3267 636 3318 ita
650 3283 680 3320 se
700 3265 841 3318 habebant.
878 3269 930 3319 iam
940 3264 1121 3334 Agathangeli
1141 3263 1258 3316 narratio
1277 3261 1309 3314 ad
1325 3259 1391 3311 uren

305 3345 476 3404 pervenerat.
515 3352 602 3405 eoque
620 3346 742 3404 tempore
761 3347 848 3391 aestas
869 3339 948 3391 finem
967 3338 1041 3404 cepit
1060 3344 1087 3389 et
1105 3337 1193 3388 desiit.

404 3431 463 3500 Ego
488 3447 554 3488 vero
582 3435 762 3502 respondens,
790 3437 852 3488 vide
878 3436 1036 3488 amicissime
1062 3430 1250 3501 Agathangele
1277 3437 1306 3480 nt
1323 3427 1391 3478 abeat

305 3507 445 3569 antequam
466 3504 532 3556 solis
551 3505 598 3557 lux
616 3508 726 3559 oriatur.
763 3523 822 3558 nam
842 3506 1060 3576 persecutoribus
1073 3506 1139 3555 meis
1160 3505 1205 3572 qui
1225 3509 1336 3570 quatuor
1353 3491 1390 3546 οοΙ

307 3571 392 3624 tribus
413 3582 486 3626 certe
506 3577 599 3630 diebus
628 3579 731 3630 domum
752 3579 820 3630 hanc
847 3581 1055 3630 circumcursant
1077 3589 1207 3643 prospere
1232 3571 1343 3640 obtingit
1367 3569 1391 3614 ut

304 3645 488 3700 auscultantur
507 3655 629 3717 tanquam
651 3665 730 3703 canes
750 3652 781 3702 ad
809 3651 1023 3719 investigandum
1042 3647 1218 3715 sagacissimi,
1235 3653 1262 3696 et
1279 3651 1390 3719 metnep7

304 3716 363 3768 dnn
386 3725 426 3769 est
445 3733 523 3786 quum
551 3736 645 3773 vocem
663 3723 734 3774 intus
754 3722 869 3790 aliquam
897 3722 1069 3789 perceperint
1092 3734 1127 3770 ne
1145 3717 1214 3768 idem
1233 3729 1332 3767 mecum
1349 3706 1388 3758 ilbi

304 3801 411 3856 quoque
429 3791 521 3843 mortis
543 3793 703 3860 supplicium
722 3794 873 3845 contrahas.
911 3793 990 3844 abeas
1009 3793 1101 3860 igitur,
1120 3790 1215 3840 cedant
1233 3803 1277 3839 res
1295 3788 1389 3836 nosirtt

304 3871 356 3925 qno
376 3860 441 3912 dens
462 3861 545 3926 ierat;
565 3873 659 3916 cuncta
680 3866 749 3916 enirn
767 3866 801 3916 ab
825 3865 899 3916 illius
921 3865 1023 3916 anxilio
1044 3868 1071 3913 et
1089 3860 1259 3928 providentia
1276 3854 1387 3930 pendent·

302 3929 356 3980 scis
376 3938 464 3982 autern
484 3948 561 4001 quam
580 3938 757 4004 propinquum
776 3939 811 3989 sit
833 3921 859 3987 ολ
890 3951 977 4002 paene
1000 3934 1032 3985 ad
1051 3935 1143 3984 ianuas
1164 3928 1388 3999 appropinquarit

303 4001 364 4052 anni
383 4002 504 4068 initium,
523 4020 576 4074 qun
593 4008 664 4075 quod
682 4009 753 4058 scire
770 4016 796 4059 te
816 4016 922 4074 opertet
941 4007 1075 4073 principes
1094 4004 1184 4056 solent
1205 4003 1297 4054 doctas
1315 4005 1387 4064 qnos-

303 4070 360 4123 dam
380 4072 500 4127 homines
519 4078 600 4129 certis
625 4077 788 4146 temporibus
813 4079 845 4129 ad
872 4093 922 4129 nes
953 4079 1080 4140 mittere,
1109 4089 1176 4144 qnos
1197 4091 1211 4124 e
1230 4068 1351 4147 ramentis
1367 4066 1388 4140 t}

303 4157 385 4196 scena
405 4153 432 4196 at
451 4148 583 4200 cuniculis
604 4157 631 4201 et
652 4150 764 4202 cordace
796 4157 926 4202 assumtus
946 4148 1088 4215 theologos
1117 4146 1195 4198 nobis
1215 4142 1329 4212 qnotidie
1345 4143 1388 4199 rpsl

305 4213 440 4270 fabricant
459 4222 536 4271 utin
556 4219 653 4273 fabulis
668 4222 804 4290 Gigantes.
824 4235 872 4288 per
891 4234 957 4288 quos
976 4220 1085 4272 insidias
1103 4219 1182 4271 nobis
1203 4225 1305 4269 struere
1321 4215 1387 4270 turpt

305 4295 359 4341 unu
381 4290 538 4346 existimant
553 4291 645 4347 multia
674 4294 811 4363 variisque
829 4293 930 4357 maiis,
957 4293 995 4345 ita
1012 4299 1041 4344 ut
1059 4299 1105 4343 ant
1123 4289 1241 4344 fraudem
1261 4284 1351 4340 iaciant
1366 4279 1388 4324 ct
