2952 4902
196 388 418 507 cusronmn
451 439 712 507 auztnmnun
740 443 849 510 xxm.
880 427 947 512 30.
966 427 1033 513 st.
1124 438 1173 511 οι

93 603 153 685 έστη
174 601 245 683 ἡμῖν
265 604 372 668 έκεῑνα
393 601 545 670 παθείνά
566 608 648 692 μηδὲ
669 615 735 682 τοῖς
750 604 878 691 σφόδρα
893 604 1103 693 α’νδροφένοις
1120 604 1175 694 διὰ
1239 678 1242 680 ,

90 700 149 778 βίον
168 704 357 768 πεπονθέναι
381 707 616 785 ξνμπέπτωκεν.
673 706 729 792 ἀφ’
752 698 790 770 οὗ
807 709 836 770 δ’
870 704 1025 792 ὅμόφρων
1046 712 1175 794 γεγένη-

90 825 138 879 μαι
156 804 315 890 Παλαμᾷ,
338 804 393 868 καί
411 804 562 887 βασιλεὺς
583 801 683 882 εέθές
705 804 911 893 κεκράτηκα.”
959 803 980 890 ἢ
1000 810 1028 872 d’
1049 803 1174 872 sinodo-
1213 820 1225 838 '

86 905 174 980 βοῦσα
202 904 304 968 τοιάδ’
342 907 521 990 α’ντέφησεν
552 899 660 984 αὖθις.
709 902 795 991 “s'yui
826 909 882 973 δέ’
911 933 1010 995 φησιν
1033 905 1089 973 “dx
1109 913 1173 976 τάν

70 1001 231 1087 δῆμετέρων
253 1008 310 1072 καί
330 1009 540 1090 ἀνθρωπίνων
557 1013 682 1094 βραχέα
706 1033 756 1074 σοι
780 1015 972 1096 φθέγξομαι.
1064 1053 1069 1059 «

171 1108 249 1170 Εἰπὲ
270 1107 333 1191 γάρ
356 1130 429 1188 μοι·
452 1108 550 1185 εἴτις
569 1111 640 1174 ’τῶν
663 1109 823 1194 ἡμετέρων
843 1105 968 1176 δοάλωί
988 1114 1230 1191 drausionem
1340 1143 1349 1156 ⁸

87 1206 169 1268 cinctu
191 1200 295 1288 ἢτῶν
319 1200 423 1285 άλλως
443 1208 580 1291 ἑχόντων
600 1209 676 1292 ἡμῖν
700 1209 868 1294 κτημάτων
888 1204 958 1286 ἑνὸς
988 1211 1173 1277 aduramus

87 1305 253 1391 έπιμελνγτῆς
265 1308 323 1395 ὑφ’
337 1309 426 1392 ἡμῶν
438 1311 604 1390 καταστάς,
618 1308 727 1374 ἔπειτα
744 1310 801 1394 τὴν
812 1314 871 1392 μέν
884 1315 1068 1377 δεσποτείαν
1083 1311 1173 1396 ἡμῶν

87 1407 223 1495 α’ῳγρεΐτο
244 1412 448 1494 περιφανοῦς,
471 1412 737 1497 πολλοστημόριον
766 1415 801 1476 δὲ
821 1415 881 1476 τῶν
910 1414 1033 1478 ἐκεῖθεν
1056 1418 1173 1495 παρεί-

57 1513 146 1589 ligero
178 1514 286 1594 φέρων
317 1507 392 1594 ἡμῖν
419 1516 565 1598 καρπῶν,
598 1513 635 1576 oui
658 1512 780 1594 μᾶλλόν
802 1516 841 1597 γ’
861 1504 901 1580 άν
929 1513 1171 1599 ι’μεμισὴκειμεν

85 1611 185 1676 ἐκεῖνον
206 1607 230 1696 ἢ
253 1613 487 1698 dresdensem·
519 1617 604 1680 τοῦτ’
637 1613 713 1680 αὐτὸ
748 1617 886 1695 νομίζειν
917 1613 1022 1681 ἔπεισί
1040 1641 1095 1698 μοι
1109 1618 1171 1698 ,καί

67 1713 103 1747 ’”
120 1718 191 1796 περί
205 1737 239 1798 γε
262 1719 321 1779 τοῦ
349 1718 450 1797 μόνον
481 1719 572 1780 θεοῦ.
620 1719 650 1781 εί
666 1713 895 1799 γάρπλούτοο
924 1717 979 1784 καί
1002 1715 1093 1803 δόξης
1114 1726 1199 1784 τοιί.
1220 1728 1308 1787 stau.

85 1815 185 1900 οαάτης
205 1816 296 1900 ἡμεῖς
319 1818 531 1894 ἀπολαύοντες
552 1815 631 1900 πρός
653 1821 742 1900 θεοῦ,
773 1816 882 1884 ἔπειτα
912 1816 968 1902 τὴν
992 1818 1092 1886 adrat
1116 1822 1170 1884 ds-

84 1920 217 1979 σποτείαν
247 1919 425 1983 πολυθείαν
446 1915 569 1995 ἑκόντες
592 1911 612 2002 ἦ
631 1944 701 1984 τινι-
723 1921 784 1984 τῶν
807 1916 954 1984 ἁπάντων
976 1915 1067 2008 ἑτέρᾳ
1091 1924 1171 2003 παρ’

54 2012 170 2078 15αέτόν
188 2018 347 2105 ἐνεργείᾳ,
369 2019 577 2101 ἐξευμενίζων
601 2023 717 2085 ἐκεῖνον
745 2023 928 2102 νομίζοιμεν
952 2022 1170 2105 πολλοστημό-

83 2138 142 2194 ριον
157 2118 328 2201 χρημάτων
358 2122 423 2184 ταῖν
452 2113 555 2202 αὐτοῦ
582 2121 792 2204 προσάγοντες
821 2120 920 2209 αὐτῷ,
948 2126 1063 2186 θᾶττον
1083 2124 1168 2203 μέντ’
1219 2143 1221 2150 ·

83 2209 115 2278 άι
134 2215 293 2302 μισήσειεν
314 2213 337 2302 ἢ
357 2219 550 2305 σι’γαπὴσειεν
573 2221 668 2305 ἡμᾶς,
693 2216 743 2284 ὅτι
766 2219 800 2286 τά
823 2225 933 2304 μεῖζον
955 2223 1168 2308 ἀφαιροῦντες

82 2313 238 2384 τοῦλαττον
260 2321 458 2404 παρέχομεν,
482 2315 503 2406 ἢ
520 2326 643 2404 μᾶλλον
669 2321 705 2388 τὸ
727 2327 788 2388 πᾶν
809 2325 1021 2408 α’φαιροῦντες
1043 2320 1078 2387 τὸ
1103 2347 1166 2408 μη-

83 2419 127 2480 dds
145 2426 331 2504 παρέχομεν.
352 2423 423 2514 ,εἴη
446 2425 474 2487 δ’
496 2418 534 2487 civ
556 2427 615 2488 κάει
638 2429 701 2489 τοῖν
721 2424 881 2510 ἡμετέρων
904 2422 950 2490 ἔτι
971 2425 1166 2508 πραγμάτων

51 2516 275 2608 ἳθένοργέστερα
303 2522 342 2589 τά
372 2523 535 2607 λεγόμενα.
560 2529 565 2535 ’
588 2519 683 2591 οἶσθα
715 2525 775 2611 γάρ
811 2528 855 2601 αἱς
879 2525 952 2611 πρίν
973 2521 994 2610 ἢ
1017 2534 1085 2602 ταῖς
1107 2511 1166 2590 aad

82 2620 211 2700 Παλαμά
231 2629 449 2710 προστεθῆναι
473 2627 696 2712 καινοφωνίαις
717 2627 818 2712 ἡμᾶς,
840 2629 968 2712 σφόδρα
998 2651 1031 2711 γε
1054 2629 1087 2703 ἐξ
1108 2627 1164 2689 ου’·

83 2719 142 2800 νίας
161 2723 232 2809 ἡμῖν
252 2724 291 2792 τά
315 2729 369 2813 τῆς
389 2728 597 2811 εὐδαιμονίας
625 2726 723 2816 ἔπλει,
744 2734 799 2795 καί
818 2730 913 2794 οὐδέν
935 2728 1081 2803 άντέπνιι
1101 2730 1164 2793 τῶν
1260 2768 1266 2779 ,
1302 2746 1307 2756 ⁵

143 2903 180 2958 14.
199 2907 339 2980 πεισθείς
358 2907 455 2968 δόντες
474 2907 490 2977 ἦ
500 2907 515 2960 '²

83 3043 116 3101 bis
131 3043 189 3105 illae
215 3053 375 3124 largitiones
394 3053 558 3123 attulerunt,
588 3054 636 3110 sed
656 3054 744 3109 ventis
764 3052 884 3110 uidemur
908 3053 996 3106 omnia
1018 3051 1162 3120 effecisse3

85 3119 228 3180 calamitates
247 3129 365 3179 enimin
382 3144 432 3180 nos
451 3129 618 3199 ingruerunt,
639 3127 732 3197 quales
751 3144 785 3179 ne
796 3127 964 3180 audacissimi
984 3126 1088 3194 quidem
1107 3125 1161 3176 ho.

84 3193 178 3248 nicidae
205 3200 232 3250 iu
265 3200 322 3252 ritu
347 3203 541 3267 perpessisunt.
589 3217 622 3251 ex
649 3215 703 3251 uuo
722 3208 809 3252 autem
829 3207 950 3267 tempore
979 3214 1037 3250 cum
1055 3195 1161 3250 Palamu

87 3260 136 3330 ieci,
154 3284 183 3321 ex
203 3286 234 3323 eo
256 3271 344 3322 statim
364 3273 533 3339 imperatoris
554 3273 700 3340 potentiam
718 3279 811 3324 nactus
830 3279 913 3324 sum.“

162 3365 210 3418 ltta
228 3375 317 3420 antem
338 3370 485 3420 orationem
505 3369 641 3435 excipiens
654 3368 721 3419 haec
741 3370 797 3420 fera
814 3367 967 3434 respondit:
987 3381 1056 3435 ,ego
1075 3383 1162 3434 pauca

84 3436 191 3497 quaedam
209 3455 242 3491 ex
260 3441 360 3492 nostris
388 3439 563 3507 humanisque
586 3439 667 3491 rebus
690 3455 853 3506 proponam3
877 3439 921 3492 dic
945 3440 1014 3489 enim
1033 3439 1118 3503 mihi,
1137 3440 1161 3491 si

84 3506 129 3568 quis
144 3519 291 3563 nostrorum
311 3526 449 3563 servorum
475 3511 552 3564 verbi
572 3527 651 3563 causa
672 3513 768 3563 vineae
792 3509 837 3562 vel
864 3509 911 3582 alii
931 3510 1032 3562 cuidam
1051 3518 1161 3562 nostra.

82 3589 126 3626 rum
141 3585 336 3646 possessionum
363 3599 379 3634 s
404 3583 482 3635 uobis
508 3583 679 3648 praefectus,
705 3583 885 3633 dominatione
909 3581 988 3632 nobis
1017 3581 1158 3634 manifesto

82 3659 165 3716 erepto,
181 3654 320 3719 parvulam
339 3655 468 3722 quandam
495 3663 596 3720 partem
623 3655 728 3721 frugum
756 3655 818 3705 inde
843 3661 962 3704 natarum
981 3653 1058 3705 nobis
1078 3667 1160 3720 prae-

80 3713 149 3785 beret,
164 3740 250 3777 nomae
263 3725 349 3776 maius
367 3727 395 3777 in
410 3727 570 3778 eumedium
588 3728 800 3793 conciperemus,
820 3740 897 3792 quum
910 3731 988 3775 antea
1000 3739 1058 3776 eum
1071 3739 1160 3776 amas.

80 3793 171 3845 scmus?
205 3797 257 3848 hoc
276 3797 346 3848 idem
375 3797 454 3849 etiarn
478 3797 511 3849 de
538 3797 617 3848 unico
636 3798 686 3848 deo
709 3804 826 3848 statuere
844 3795 908 3846 mihi
927 3796 955 3846 in
972 3804 1086 3846 mentem
1105 3810 1159 3846 ue.

73 3860 123 3925 nit;
140 3867 161 3916 si
179 3870 247 3919 enim
267 3881 317 3919 nos
335 3884 351 3919 a
370 3869 521 3920 deo‘tautis
546 3869 649 3920 diuitiis
667 3876 793 3935 tantaque
812 3866 900 3934 gloria
919 3867 1015 3932 ornati,
1034 3867 1157 3918 domina.

81 3929 138 3985 tione
157 3938 211 3990 eius
224 3939 315 3991 multis
336 3939 520 3991 divinitatibus
534 3947 579 3990 aut
598 3938 645 3989 alii
664 3940 766 3991 cuidam
789 3938 939 4004 operationi
959 3936 991 3988 ab
1011 3952 1044 3988 eo
1062 3938 1158 3990 diuer-

82 4014 116 4052 tte
131 4006 195 4060 ultro
214 4012 354 4078 permissa,
375 4009 488 4078 parvula
507 4011 616 4078 quadam
635 4018 711 4077 parta
729 4025 808 4076 opum
829 4009 981 4076 praebenda
997 4008 1075 4061 uobis
1097 4023 1157 4060 eum

81 4078 208 4132 conciliare
226 4081 388 4149 putabimus,
407 4081 524 4134 celerini
542 4097 606 4134 sane
636 4097 685 4132 nos
717 4083 778 4132 odio
802 4074 878 4148 quarn
897 4094 987 4131 amore
1007 4095 1157 4148 perseque-

80 4147 113 4194 tur
134 4159 272 4217 propterea
298 4153 368 4220 quod
392 4152 454 4220 plus
480 4154 504 4203 ei
530 4154 703 4219 derogamus,
729 4167 806 4220 qnam
826 4151 980 4203 exhibemus
1005 4159 1051 4202 aut
1068 4153 1157 4219 potius

80 4219 136 4278 quod
152 4224 271 4275 omnibus
286 4223 367 4276 rebus
386 4225 411 4274 ei
431 4223 586 4276 defraudato
614 4223 682 4275 mihil
699 4223 866 4291 praebemus.
918 4221 999 4274 facile
1017 4231 1105 4274 autem
1124 4235 1159 4272 ex

78 4296 208 4346 nostrarum
225 4310 316 4346 rerum
335 4295 501 4360 conditione,
521 4295 591 4364 quod
609 4294 687 4345 modo
701 4295 767 4358 dixi,
787 4294 885 4346 clarius
906 4296 966 4348 erit.
1005 4294 1058 4347 scis
1077 4292 1156 4352 euim,

78 4365 200 4432 autequam
218 4365 341 4420 Palamae
358 4381 431 4422 noua
453 4365 845 4434 commentuamplexaremur,
864 4381 965 4420 summa
986 4380 1046 4416 cum
1064 4361 1158 4418 felici..

160 4462 319 4538 Νέεερέοειιι
338 4464 447 4538 (ἕτερον.
472 4463 526 4520 vot.
546 4463 602 4518 111.
946 4461 961 4518 7
