2992 4916
221 373 442 442 mommo
463 333 725 443 omnusmts
739 377 863 443 mn.
883 357 1071 446 te-ta
1138 365 1212 445 too

112 545 189 621 νησι
207 539 331 619 μάλλον
353 534 449 601 αἰτοῦ
468 537 628 622 ζητοῦντα,
652 537 810 623 περιιέναι
829 539 982 614 δικαστὰς
999 538 1055 604 καὶ
1077 536 1213 627 §abacuc

112 636 170 702 καί
198 635 333 721 ποιητάς
361 640 547 724 τραγῳδιιῦν
577 639 634 702 καί
662 638 876 725 διθυράμβων
903 640 959 704 καί
989 637 1069 727 πράς
1093 641 1214 730 τούτοις

110 741 319 824 χειροτέχνας
340 738 576 816 παντοδαποῖς,
615 735 661 816 αἱς
677 741 815 806 ἐνταῦθα
839 741 887 804 ἐπ’
912 739 1090 829 coronopus
1114 763 1213 809 κατα-

112 837 298 923 ληψόμενον
317 835 373 921 τὴν
390 838 557 922 Ιἀλήθειαν.
609 840 692 926 φασί
712 841 835 919 τοίνυν,
866 832 913 917 οἷς
941 841 1022 929 λόγῳ
1052 842 1108 907 καί
1129 841 1278 930 έργῳη

86 937 290 1020 ὄμεθοδικὴν
311 940 480 1022 έμπειριάν
502 939 665 1024 ἀσκήσεως
676 935 801 1018 ἑαυτοῖς
824 940 997 1007 δεδωκέναι
1018 943 1211 1027 συμπέπτω-

112 1062 177 1115 κεν,
198 1034 242 1113 αἱς
266 1036 350 1124 άρχῆ
374 1041 494 1126 πλάνης
512 1043 569 1105 νοῦ
590 1043 762 1122 κενοδοξία,
784 1045 816 1122 ἐξ
839 1035 877 1127 ἧς
899 1043 1079 1128 κινούμενος
1100 1043 1118 1110 ά
1139 1047 1212 1122 νοῦς

112 1139 147 1206 ἓν
169 1138 314 1224 σχήμασι
340 1140 396 1206 καί
426 1151 572 1228 μορφαῖς
600 1143 799 1232 περιγράφει
824 1142 862 1210 τὸ
882 1148 985 1212 θεῖον·
1036 1145 1214 1221 καίπάλιν
1269 1151 1274 1172 ’

111 1238 295 1326 ι(μακάριος
314 1237 333 1304 δ
355 1243 428 1318 νοῦς
448 1239 484 1318 ὃς
502 1243 582 1308 κατὰ
603 1243 657 1310 τὸν
679 1265 795 1331 καιρον
810 1247 868 1329 τῆς
888 1247 1072 1332 προσευχῆς
1090 1245 1214 1311 τελείαν
1223 1253 1337 1317 δῖδθῦ.

114 1339 284 1426 ἀμορφίαν
305 1341 488 1425 despecto?
515 1343 570 1409 καί
591 1344 685 1409 πάλιν
703 1342 768 1428 “μη”
799 1343 884 1428 ζήτει
905 1347 1065 1421 παντελῶς
1084 1341 1214 1434 μορφήν

71 1460 186 1514 1οτινα
209 1435 230 1523 ἢ
254 1445 364 1526 σχῆμα
386 1437 406 1526 ἢ
424 1447 543 1529 χρῶμα
566 1445 721 1528 δέχεσθαι
744 1446 777 1509 έν
793 1447 839 1532 regi
858 1449 914 1530 τῆς
937 1445 1121 1532 προσευχῆς
1141 1471 1212 1509 και-

115 1540 193 1626 pegi?
209 1542 265 1605 καί
286 1543 383 1607 πάλιν.
396 1541 461 1628 “μη“
483 1544 578 1611 πόθει
600 1543 751 1630 ἀγγέλους
772 1547 852 1611 ἰδεῖν
872 1543 893 1631 ἢ
916 1547 1065 1629 δυνάμεις
1087 1543 1107 1630 ἢ
1128 1529 1213 1632 Χρι-Ι

113 1637 190 1705 στόν
212 1641 392 1727 αἰσθητῶς,
423 1647 475 1709 ἴνα
506 1644 551 1730 μὴ
582 1647 688 1711 τέλεον
716 1647 876 1733 φρενήρης
906 1648 996 1734 γένη,
1029 1645 1122 1720 λάκον
1144 1647 1213 1712 άντί

113 1741 266 1824 ποιμένος
299 1745 467 1828 δεχόμενος
499 1747 554 1811 καί
573 1751 761 1835 προσκυνῶν
784 1756 850 1826 τοῖς
875 1750 1023 1833 αἰσχροῖς
1053 1747 1213 1831 δαίμοσιν.

112 1839 165 1906 ὅτι
187 1839 249 1927 γάρ
272 1848 335 1909 πᾶν
355 1843 390 1909 nri
412 1848 446 1910 ἐν
467 1847 607 1933 σχήματι
636 1849 828 1935 φαινόμενον
850 1853 896 1936 regi
916 1851 962 1936 νηῖ
994 1846 1054 1913 εἴτε
1076 1845 1120 1924 οἱς
1144 1850 1279 1934 puicu

68 1963 101 2015 15
113 1940 178 2007 εἴτε
202 1939 245 2018 οἷς
268 1947 330 2030 πῦρ
350 1947 383 2010 ἐκ
405 1949 461 2030 ’τῆς
471 1951 527 2012 τοῦ
546 1949 668 2035 ἐχθροῦ
680 1950 886 2030 κακοτεχνίας
899 1951 1028 2035 γίνεται,
1052 1945 1069 2012 δ
1093 1947 1211 2013 θεσπέ-

55 2037 60 2042 ’
113 2067 185 2119 σιος
207 2047 343 2122 Παῦλος
367 2051 480 2133 σαφῶς
503 2050 665 2127 διδάσκει,
699 2050 744 2125 εἰς
766 2046 894 2135 ἄγγελον
917 2049 1023 2136 φωτὸς
1044 2047 1138 2113 αὐτὸν
1159 2048 1212 2112 λέ-

112 2168 179 2230 γων
200 2137 548 2235 μετασχηματίζεσθαι.
602 2148 649 2224 οῦ,
670 2152 723 2214 δεῖ
747 2145 802 2214 οῦν
829 2150 883 2215 έπί
914 2150 1010 2236 ταῦτη
1044 2151 1085 2236 τῇ
1107 2149 1213 2213 ἐλπίδι

114 2245 187 2310 τινά
208 2244 262 2312 τὸν
288 2247 454 2333 ἀσκητικὸν
473 2251 614 2333 μετιέναι
635 2251 715 2333 βιόν,
737 2251 789 2316 ἵνα
810 2249 854 2335 μὴ
878 2247 895 2315 ὁ
918 2255 1065 2326 Σατανᾶς
1085 2244 1213 2334 ἑτοίμην

115 2344 193 2434 εῦρη
219 2345 274 2432 τὴν
290 2346 400 2433 ψυχὴν
421 2352 565 2417 ἐντεῦθεν
593 2353 639 2428 εἰς
662 2349 835 2440 άρπαγην.”
886 2353 942 2418 καί
961 2352 995 2417 τί
1015 2354 1068 2416 δεῖ
1084 2350 1213 2426 πλειόυς
1312 2383 1314 2388 ·

67 2448 245 2518 obdurari&
268 2448 435 2544 cusiriacus
450 2452 582 2534 βίβλους
605 2451 704 2538 ἁγίων
727 2453 861 2540 άνδριῦν,
884 2452 998 2519 ὁπόσοι
1019 2452 1076 2518 σάν
1097 2474 1132 2537 γε
1154 2473 1210 2515 σο-

117 2549 178 2638 φίη
201 2549 256 2614 καί
285 2550 393 2634 νόμοις
424 2551 587 2637 ἀσκήσεως
613 2552 667 2619 τάν
696 2549 819 2620 έαυτοῖν
852 2555 1103 2640 ἐκεκοσμήκεσαν
1132 2553 1212 2635 βίον,

116 2642 164 2724 οἷς
186 2650 345 2727 συνέσεως
364 2652 508 2734 μέτεστιν
531 2651 658 2731 ῦπασιν,
679 2651 748 2734 έξόν
772 2647 945 2740 ἀρκεῖσθαι
964 2655 1073 2738 μόνοις
1093 2653 1213 2726 τούτοις

117 2749 151 2813 οἳ
177 2753 377 2837 θεραπευταὶ
404 2756 460 2837 τῆς
489 2755 662 2840 ένεοτάσης
688 2757 803 2843 χρείας
832 2755 909 2841 ἡμῖν
938 2758 972 2822 ἐν
1000 2759 1047 2843 τοῦ
1079 2752 1213 2840 παρέντι

117 2855 360 2938 προβέβληνται.
404 2853 452 2920 ὅτι
472 2853 606 2944 μὲνγὰρ
630 2855 663 2921 αἱ
688 2857 880 2944 φαινέμεναι
900 2863 966 2934 τοῖς
993 2854 1094 2941 ἁγίοις
1115 2855 1212 2921 ἐνίοτε

120 3139 205 3194 mains
224 3157 273 3194 nos
293 3143 372 3196 decet
389 3141 454 3197 talia
463 3143 604 3214 exquirere
623 3156 700 3212 qnam
718 3141 871 3196 chncrote
890 3140 940 3193 illo
949 3140 1122 3220 sophronisci
1140 3139 1208 3207 lilio,
1318 3191 1321 3199 ,

120 3215 181 3283 quis
202 3215 283 3266 inerit
300 3215 504 3268 Atheniensium
525 3231 557 3268 eo
576 3217 733 3283 sapientior,
754 3221 923 3282 quaerentem
940 3214 1089 3268 discurrere
1106 3213 1138 3264 ad
1159 3211 1204 3264 iu-

47 3349 51 3356 ,
120 3287 194 3338 dices
223 3293 249 3336 et
275 3285 396 3339 rhetores
425 3295 452 3339 et
476 3295 569 3354 poetas
594 3288 711 3356 tragicos
735 3285 995 3353 dithyrambicosqne
1023 3291 1050 3335 et
1068 3290 1209 3350 praeterea

41 3351 46 3362 '
119 3357 153 3408 ad
172 3357 260 3409 varias
280 3365 367 3423 artes,
387 3366 417 3410 ut
443 3360 505 3411 inde
524 3360 624 3411 veritas
650 3358 791 3410 manifeste
808 3356 1031 3424 deprehendatur.
1068 3354 1206 3418 dicentii,

120 3429 166 3497 qui
185 3427 343 3480 rationalem
365 3431 436 3482 vitae
456 3432 526 3482 viam
544 3431 676 3493 inierunt,
695 3430 800 3480 initium
819 3428 918 3490 erroris
939 3442 998 3479 esse
1016 3427 1112 3479 mentis
1131 3439 1209 3487 arro.

119 3499 246 3570 gantiam,
267 3515 318 3567 qna
336 3501 438 3554 enimus
456 3501 610 3568 perducitur
629 3502 661 3553 ad
680 3502 798 3553 divinum
820 3500 911 3551 formis
939 3506 965 3550 et
983 3498 1075 3567 liguris
1094 3499 1211 3550 circum-

119 3569 299 3622 scribendum.
339 3579 365 3623 et
383 3587 487 3625 rursus:
506 3572 602 3624 beatus
622 3574 734 3637 animno,
755 3572 801 3640 qui
820 3572 848 3623 in
866 3570 1125 3638 orationistemporo
1144 3583 1209 3636 per-

119 3641 218 3693 lectam
244 3641 411 3694 informalem
432 3643 541 3696 formam
561 3643 649 3696 haben
689 3651 715 3695 et
731 3657 837 3695 rursus:
858 3657 893 3694 no
912 3656 1011 3710 quaere
1030 3641 1137 3694 omnino
1154 3639 1212 3690 ior.

118 3728 188 3764 mam
208 3711 346 3780 quandam,
366 3722 411 3766 aut
429 3715 550 3782 liguram,
569 3723 615 3766 aut
633 3722 730 3781 corpus
751 3714 874 3779 recipere
892 3713 920 3763 in
933 3712 1062 3765 orationis
1081 3719 1212 3775 tempore,

120 3791 148 3835 et
169 3799 278 3836 rursus:
298 3801 333 3837 ne
357 3785 495 3838 desideres
512 3784 625 3853 angelos
643 3786 754 3849 uidere,
781 3790 827 3836 aut
849 3791 996 3850 potestates
1014 3790 1059 3834 ant
1079 3781 1213 3836 Christum

119 3855 296 3919 sensibiliter,
316 3863 397 3908 utne
419 3856 498 3925 plane
517 3857 632 3922 prudens
651 3856 709 3918 lina,
728 3852 793 3922 lupo
812 3869 860 3922 pro
876 3869 961 3924 grege
979 3861 1100 3920 recepto,
1120 3860 1147 3904 et
1161 3866 1214 3905 ve-

118 3927 261 3978 neratione
280 3928 399 3994 turpibus
420 3927 591 3980 daemonibus
609 3927 714 3978 tradita.
735 3941 796 3996 nam
809 3925 936 3992 quidquid
955 3924 1004 3977 sub
1026 3925 1109 3976 iorma
1129 3921 1234 3976 menti'

119 4005 231 4063 apparet
250 3999 308 4048 eive
326 4006 356 4050 nt
375 3999 462 4052 lucem
482 3999 541 4051 sire
560 4005 589 4050 ut
607 3998 696 4065 ignem
711 3997 769 4049 lieri
795 3994 895 4047 diaboii
914 3995 1089 4064 malignitate,
1107 3995 1214 4048 divinus

118 4067 218 4121 Paulos
244 4069 378 4136 sapienter
408 4071 487 4123 ducet
513 4069 546 4120 do
576 4068 674 4138 angelo
694 4067 778 4132 lucis,
809 4081 887 4136 quem
907 4067 1121 4136 transfiguratum
1138 4065 1214 4118 dicit.

117 4154 174 4192 nnn
194 4141 277 4208 igitur
295 4155 363 4206 opus
383 4149 424 4194 est
442 4140 505 4193 buin
529 4140 589 4206 npei
612 4140 754 4192 asceticam
780 4139 909 4210 quandam
928 4141 1010 4192 vitans
1033 4138 1161 4198 tribuere,
1179 4149 1215 4186 ne

118 4218 225 4264 satanas
244 4220 361 4280 paratam
381 4213 503 4280 praedam
531 4210 714 4277 deprehendat
739 4213 860 4264 animans.
906 4220 985 4281 atque
1016 4210 1078 4278 quid
1102 4218 1215 4260 necesse

120 4289 162 4339 est
179 4281 278 4359 ibidem
295 4281 379 4335 libros
397 4290 546 4339 sanctornm
566 4284 685 4337 virorum
703 4281 817 4352 largiri,
843 4281 889 4354 qui
910 4283 1042 4352 snpientia
1063 4287 1090 4332 et
1106 4275 1214 4346 legibus
