2992 4918
214 331 438 442 nrsronrln
466 334 726 412 nuzlnrmln
754 343 848 410 xxv.
870 324 1056 409 33-35.
1145 334 1191 410 or

111 487 249 573 πημάτων
270 494 516 581 ἐκπεπληγμένοι
540 495 663 580 τε,καί
684 496 758 562 οδδδ
781 499 891 584 φέρειν
912 496 1061 578 καθάπαξ
1081 494 1197 580 άνεχδ·

107 613 187 667 μενοι
208 593 272 679 ίτάς
304 594 428 662 πάντων
459 597 513 662 διά
538 601 641 663 ταῦτα
665 595 864 681 πανταχόθεν
888 594 996 682 ὕβρεις
1018 601 1073 662 καί
1096 597 1198 686 άπεχ-

108 695 203 767 θείας·
256 699 313 761 καί
335 692 419 774 ὅπως
441 699 457 762 ὃ
478 698 632 781 βασιλεάς
658 696 778 781 μεταξδ
807 697 1021 784 παρεμπεσιάν
1042 696 1117 774 roric
1138 699 1197 779 μὲν

107 795 249 872 θωπείαις
271 799 328 862 καί
353 798 529 884 χρημάτων
564 804 731 882 διανομαῖς
744 797 825 876 ,τοδς
853 803 882 864 δ’
911 800 1056 877 ἀπειλαῖς
1076 798 1198 884 ὑπηγά.
1264 885 1268 890 ι

86 890 167 972 5ηετά
186 918 218 959 τε
238 900 296 962 καί
331 903 375 986 τῷ
396 905 544 990 Παλαμηῑ
573 897 765 984 συμμάχους
797 895 877 966 εἶναι
900 903 1046 966 πδπεικεν
1066 900 1126 980 αἐῖ,
1145 896 1200 964 κατ’

107 993 212 1072 νόμους
230 1001 390 1088 τίθεσθαι
413 995 547 1090 ,καινοάς
559 1052 568 1084 ,
596 1007 649 1086 τῆς
679 1002 782 1066 ου’τοῦ
801 999 979 1084 βεβαιωτὰς
1000 1002 1196 1084 δυσσεβείας.

106 1095 161 1156 τῶν
179 1098 239 1176 μὲν
263 1089 322 1163 οὖν
356 1093 460 1164 άλλων
493 1102 640 1168 ἁπάντων
662 1105 735 1186 πέρι
758 1106 862 1186 ζητεῖν
889 1104 945 1166 κατ’
968 1103 1197 1184 διερευνᾶσθαι

27 1187 30 1198 '
105 1191 282 1277 βούλεσθαι,
305 1194 364 1269 άτε
388 1207 505 1286 σχολῆς
521 1204 655 1285 δεόμενα
678 1203 828 1288 πλείονος,
848 1198 969 1286 ἑτέροις
989 1199 1109 1284 ἔγνωκα
1132 1200 1198 1267 δεῖν

106 1296 311 1375 ταμιεύεσθαι
345 1301 489 1385 χρόνοις·
541 1303 637 1383 αάτὸς
666 1307 701 1370 δὲ
734 1303 842 1386 μόνοις
871 1300 947 1368 δυσδ
976 1304 1118 1368 corrosos*
1143 1305 1198 1385 την

74 1399 200 1460 linaceo
220 1404 282 1464 τοῖ
305 1402 410 1467 πόθου
432 1403 575 1488 οπρυδην
595 1410 807 1492 περιέκλεισα,
828 1405 885 1490 τήν
900 1427 935 1468 τε
956 1404 1120 1486 κάθειρξιν
1141 1398 1198 1485 νην

106 1493 155 1580 οη“ν
172 1505 310 1585 μαθεῖν,
344 1505 465 1590 δηλαδη
497 1510 563 1582 παῖς
594 1509 626 1583 ἐς
651 1507 687 1572 τά
706 1503 884 1592 βιαιότερον
906 1499 928 1590 ἢ
948 1503 1026 1570 κατά
1042 1501 1115 1578 τούς
1139 1495 1196 1567 ‹lt-

106 1601 170 1673 δθϋε
192 1605 399 1688 ἐξενηνέχθαι
431 1617 496 1682 τοῖς
528 1599 684 1693 άρχουοιν
718 1605 767 1692 εἴη
791 1610 1030 1692 ἐψηφισμένον,
1055 1602 1110 1668 καὶ
1127 1597 1196 1684 άμα

106 1693 181 1764 τάδε
201 1701 252 1788 εἴη
276 1706 317 1770 τά
347 1716 413 1784 τοῖς
436 1717 556 1784 καινοῖς
574 1707 651 1791 πρὸς
673 1710 736 1773 τῶν
767 1703 944 1773 ἐπισκόπων
966 1710 1021 1770 καί
1039 1707 1210 1788 βασιλέων-

108 1800 339 1888 uternensem
353 1806 470 1890 νόμοις,
492 1814 546 1874 καῖ
566 1805 636 1876 ὅτου
657 1808 754 1892 χάριν
774 1806 869 1872 ου’τοδ
883 1811 957 1872 καθ’
981 1805 1097 1882 αὖτοδς
1118 1830 1198 1872 συν-

74 1904 269 1982 15τεθεικάτες
292 1905 412 1987 αάτοάς
435 1910 525 1976 altat
544 1912 598 1976 κατ’
618 1915 789 1993 κατέχουσι
809 1913 883 1994 παρ’
897 1903 1036 1986 ἑαυτοῖς,
1058 1909 1197 1972 dotano·-

107 2027 156 2067 στα
190 2000 311 2072 τάνδον
340 2016 461 2094 σιωπῆς
491 2020 608 2098 μυχοῖς
633 2011 843 2087 καλύπτοντες
876 2010 932 2073 κατ’
954 2003 1030 2090 ὑμῖν
1059 2011 1195 2093 ἐμφανί-

107 2105 161 2178 ζειν
182 2109 228 2169 ου”
242 2109 337 2190 μάλα
357 2113 540 2196 τολμῶντες.
820 2176 822 2186 ,

193 2213 287 2295 Περὶ
312 2213 372 2292 μὲν
402 2214 463 2278 σοά
490 2215 600 2280 πιόλλοιΙ
631 2213 778 2290 πολλάκις
808 2215 842 2278 ἐκ
867 2214 989 2276 πολλοῖν
1018 2209 1261 2294 δλέχθησανηημ

106 2304 198 2392 λόγον,
227 2309 386 2398 διάφοροι
415 2317 474 2396 μὲν
494 2310 575 2382 εἶναι
598 2317 777 2398 δοκοῦντες,
809 2317 833 2354 “
854 2311 930 2396 πρὸς
951 2315 980 2377 δ’
999 2309 1054 2376 ἕνα
1084 2311 1225 2388 ”dmin
1247 2328 1335 2384 loon.

75 2410 259 2490 ῖθβλὲποντες
284 2411 408 2479 σκοπόν.
432 2418 598 2500 τάγκώμια
619 2416 658 2483 τά
681 2417 721 2485 σά
748 2415 879 2503 δηλαδή,
909 2413 953 2491 αἱς
975 2412 1102 2480 ἐκείνων
1121 2409 1198 2478 ἑκά-

107 2532 161 2597 στην
182 2514 361 2592 διαθέσεως
383 2515 469 2600 ἔχειν
490 2519 570 2604 πρδς
599 2524 635 2586 σὲ
657 2524 841 2603 συνέβαινε,
863 2517 919 2582 καί
940 2510 1008 2599 άμα
1027 2522 1199 2601 σχολάσαι-’-

109 2613 154 2694 tlt
175 2619 252 2703 πρός
275 2641 312 2700 γε
334 2619 374 2684 τά
398 2621 547 2706 δρώμενα
566 2623 719 2700 διανοίας.
742 2613 788 2698 οἷς
804 2644 841 2706 με
862 2618 925 2706 μην
947 2616 979 2698 ἒς
995 2616 1034 2683 τά
1053 2618 1196 2700 μάλιστα

110 2942 159 2980 ram
175 2933 225 3001 ipsi
247 2935 388 3003 perterriti
407 2935 582 2989 contumelias
604 2942 632 2986 et
656 2933 809 2986 inimicitias
834 2930 950 2982 omnium
968 2928 1144 2996 undecunque
1168 2928 1197 2980 in

113 3015 151 3052 eos
169 3005 296 3059 conflatas
317 3008 423 3059 omnino
445 3008 515 3060 serre
536 3023 589 3060 nou
608 3013 733 3074 possent:
753 3011 782 3056 ut
799 3003 914 3071 denique
928 3001 1073 3068 Imperator
1091 3000 1118 3049 in
1137 3013 1196 3049 me.
1270 3017 1274 3022 ε

113 3071 161 3151 lios
173 3077 279 3131 irruens
299 3078 368 3131 alios
385 3079 520 3138 blanditiis
543 3087 569 3130 et
587 3077 790 3146 largitionibus,
810 3074 878 3128 alios
903 3073 981 3125 minis
1002 3070 1052 3124 sibi
1073 3070 1195 3122 subactos

112 3157 134 3192 ta
146 3144 265 3202 Palamae
285 3158 375 3218 partes
395 3152 519 3204 traxisset
538 3160 564 3202 et
584 3151 726 3214 effecisset,
747 3157 777 3200 ut
795 3161 880 3199 novos
900 3154 985 3216 tomos
1006 3148 1198 3210 componerent

114 3216 198 3280 quihus
217 3222 383 3289 impietatem
406 3224 463 3274 eins
490 3223 684 3274 confirmarent.
723 3236 802 3288 quum
820 3233 886 3272 vero
909 3218 942 3269 de
961 3215 1058 3268 ceteris
1076 3213 1196 3266 omnibus

113 3285 181 3340 rebus
194 3295 215 3343 si
229 3309 362 3361 quaerere
381 3301 461 3361 atque
480 3295 647 3361 percunctari
667 3292 776 3356 vellem,
789 3292 890 3342 maiore
909 3288 973 3340 mihi
992 3287 1047 3337 otio
1070 3300 1137 3353 opus
1151 3300 1196 3337 es-

114 3365 156 3422 lii,
172 3363 197 3413 in
215 3364 270 3416 alia
289 3373 409 3431 tempora
430 3368 457 3420 id
475 3365 648 3417 differendum
668 3381 728 3416 esse
746 3363 838 3430 putavi
866 3369 946 3428 atque
971 3357 1072 3412 duabus
1096 3365 1195 3408 tantum

114 3426 177 3482 hisce
194 3437 275 3488 rebus
296 3439 445 3488 accuratius
476 3435 645 3504 explorandis
671 3451 748 3486 omne
766 3434 881 3487 studium
901 3441 927 3483 et
946 3445 1052 3497 operam
1069 3427 1195 3494 impendi,

114 3507 259 3568 ltprimum
279 3509 383 3575 quidem
404 3523 605 3578 cognoscerem,
628 3508 716 3559 curin
733 3506 878 3558 custodiam
897 3503 1056 3555 atrociorem
1078 3507 1195 3566 tequam

115 3574 220 3645 reliquos
240 3580 428 3631 includendam
448 3597 508 3632 esse
532 3580 695 3647 imperantes
719 3577 921 3629 decrevissent:
952 3572 1047 3624 deinde
1072 3570 1194 3639 quidnam
1216 3618 1221 3623 ,

114 3651 181 3700 noris
202 3655 261 3705 istis
281 3653 359 3722 tomis
387 3653 420 3704 ab
440 3653 574 3720 episcopis
594 3659 620 3702 et
637 3649 843 3716 imperatoribus
871 3645 1047 3714 perscriptum
1073 3649 1144 3694 esset
1169 3647 1195 3723 et

114 3733 185 3784 quare
204 3739 251 3776 eos
270 3738 286 3773 a
303 3739 332 3774 se
351 3725 417 3790 ipsis
437 3724 575 3776 coniectos
603 3725 681 3774 etiam
702 3720 771 3787 apud
790 3736 820 3774 se
844 3719 1006 3780 retinerent,
1033 3719 1194 3782 argumentis

115 3803 203 3861 eorum,
221 3811 257 3847 ne
276 3795 415 3864 quisquam
436 3812 466 3848 ea
488 3795 629 3863 explorare
650 3800 750 3861 posset,
770 3789 902 3859 profunda
919 3786 1099 3840 taciturnitate
1113 3785 1193 3836 invo-

72 3901 75 3908 s
114 3858 176 3930 lutis,
196 3883 285 3935 neque
305 3867 337 3918 ad
355 3877 471 3936 vestram
490 3868 610 3919 notitiam
631 3882 663 3917 ea
680 3864 802 3932 proferre
823 3862 959 3914 auderent.

200 3967 240 4018 De
259 3973 287 4017 te
306 3966 390 4033 igitur
405 3965 480 4018 multi
492 3981 573 4033 saepe
590 3963 705 4016 amultis
724 3961 879 4014 ferebantur
888 3972 1035 4020 sermones,
1047 3955 1091 4023 qui
1100 3969 1194 4020 quem.
1222 3994 1228 4001 .

115 4048 180 4098 quam
197 4042 268 4090 inter
287 4052 317 4089 se
335 4038 436 4090 diversi
458 4037 625 4102 videbantur,
644 4036 676 4087 ad
694 4051 774 4086 unum
792 4041 880 4084 tamen
909 4044 1000 4082 omnes
1024 4028 1102 4080 tinem
1129 4039 1213 4090 spe-e

115 4107 222 4177 cabant,
252 4107 284 4159 ad
304 4116 363 4159 tuas
383 4108 488 4160 scilicet
510 4108 613 4173 laudes,
632 4114 711 4174 prout
730 4107 842 4174 quisque
868 4102 913 4155 vel
937 4102 1023 4153 animo
1050 4099 1078 4150 in
1096 4105 1124 4148 te
1150 4096 1193 4148 ai-

115 4174 187 4234 lectus
205 4180 253 4235 uel
273 4180 373 4232 iudicio
392 4180 533 4245 derebus,
553 4196 622 4248 quae
643 4179 780 4247 geruntur,
800 4175 935 4242 praeditus
954 4181 1019 4225 erat.
1062 4169 1108 4237 qui
1127 4181 1192 4220 uero

115 4264 181 4320 quan
197 4254 311 4310 maxime
330 4249 461 4306 Palamam
480 4261 507 4308 et
528 4251 688 4318 coccinum,
707 4247 862 4304 Heracleae
875 4247 1044 4316 episcopum,
1063 4242 1193 4308 frequen.
