2952 4902
254 306 355 418 ιοο
556 343 781 418 πιεεειιοιυ
810 335 1057 416 cacconem

253 536 302 581 ναι
326 516 545 596 συμπέπτωκε.
589 519 644 578 καί
665 516 735 578 δέον
754 511 786 586 ἐς
806 513 965 597 ἐκδίκησιν
989 515 1044 596 τῆς
1066 507 1192 594 dapem
1211 505 1263 577 τόν
1284 532 1351 574 nor·-

250 612 306 680 νόν
333 619 539 698 διαναστῆναι
559 618 711 699 ποτέρα,
748 610 763 677 δ
792 616 826 678 δὲ
850 617 904 677 κατ’
924 612 1117 696 μετόπισθεν
1151 611 1227 696 ἔσχε
1249 609 1348 688 κότον,

183 721 240 777 ὅθ
251 711 338 803 ὄφρα
361 717 482 806 τελέσῃ,
504 715 584 782 κατὰ
608 718 666 780 τοῦ
686 717 785 801 μηδὲν
816 710 999 788 ἆδικοόντος
1019 716 1111 794 ἐμοῦ.
1155 714 1236 778 α’λλδ
1260 712 1296 778 τί
1309 736 1349 794 με

170 905 173 911 ¹
251 823 304 884 δεῖ
322 817 360 885 τό
380 821 457 883 πᾶσι
482 819 548 902 δῆλ’
571 819 779 899 όνομετρεῖν,·
803 817 924 880 ἐκεῖθεν
942 813 1004 899 χοὶρ
1030 811 1170 880 ε’κποδοόν
1185 822 1350 894 με’ποιεῖν
1467 871 1468 902 ρ

247 922 493 1008 βουλευσαμένῳ
529 921 571 1008 τῷ
607 922 752 1006 πενθερῷ
778 916 833 1000 τὴν
859 921 1010 1002 ταχίστην
1036 939 1077 997 με
1110 915 1376 1001 διαχρήσασθαιὸ

249 1022 365 1088 τούτου
386 1021 548 1108 παρῄνουν
572 1018 600 1084 oi
623 1023 679 1104 τῆς
702 1023 899 1103 Παλαμικῆς
919 1019 1011 1103 δόξης
1033 1015 1240 1101 αἰρεσιοῑται·
1263 1020 1353 1082 τουτί

250 1121 310 1208 γὰρ
327 1128 359 1188 ἐν
372 1128 493 1207 βραχεῖ
510 1121 568 1204 τὴν
586 1117 660 1205 δλην
680 1119 766 1204 ἔχειν
781 1117 922 1204 ἔφασκον
936 1117 1121 1204 ἀπαλλαγὴν
1135 1123 1189 1201 τῆς
1201 1115 1259 1200 τήν
1276 1112 1349 1202 ὅλην

250 1229 291 1289 δι’
312 1223 493 1306 ε’μὲψυχὴν
525 1219 723 1306 α’σχολοόσης
754 1223 843 1308 adripi
875 1223 1052 1306 φροντίδος.
1095 1221 1150 1283 κατ’
1168 1213 1350 1303 τοόχκλημα

250 1328 338 1391 λόειν
360 1324 453 1390 αότοό
473 1321 553 1407 πρός
576 1321 653 1388 θεόν
672 1322 882 1405 ὑπισχνοῦντο
902 1331 1030 1404 μεσῖται
1053 1317 1240 1405 γιγνόμενοι.
1261 1319 1351 1383 τοῦτ’

249 1425 354 1509 ἔμοιγε
384 1418 570 1507 βέλτιστόν
603 1426 661 1487 ουέι
683 1417 744 1488 οἶδ’
773 1417 858 1499 όπιος
893 1421 987 1498 ατλτός
1015 1423 1070 1487 οόκ
1098 1423 1235 1507 ἠθέλησε
1257 1421 1348 1504 δρᾶν.
1362 1426 1392 1480 10
1467 1481 1468 1494 ,

248 1525 321 1608 ἐμοί
341 1523 480 1609 μὲνγὰρ
502 1519 586 1607 εἶχεν
620 1519 660 1588 δν
681 1549 746 1598 ποος
775 1523 958 1609 ἀπαλλαγὴν
983 1525 1047 1588 τῶν
1067 1519 1137 1606 ἑξῆς
1157 1519 1193 1585 τό
1216 1523 1349 1604 πρᾶγμα

249 1628 377 1706 δεινοῖν,
407 1627 492 1712 adipi
519 1627 548 1688 δ’
580 1623 758 1708 ἀνθρώπων
788 1617 826 1688 όν
852 1649 918 1700 πυτς
951 1619 1099 1688 ἁπάντων
1122 1617 1252 1686 όυειδον.
1298 1617 1348 1685 διό

248 1724 303 1789 καί
322 1723 436 1808 τρόπον
470 1725 678 1810 ξυννενοεμιδς
707 1727 979 1810 εόπρεπέστερον,
1009 1723 1177 1807 όπερόριον
1199 1725 1353 1808 πατρίδος

247 1827 305 1890 καί
334 1830 509 1910 βασιλικῶν
544 1819 706 1891 ἐπαύλεων
737 1824 924 1910 α’πειληφιός
955 1827 988 1900 ἐς
1009 1826 1242 1907 Θεσσαλονίκην
1265 1819 1353 1906 οἷπή-

245 1951 332 2011 νεγκε
352 1928 497 2014 τάχιστα,
518 1927 636 2012 μητρός
654 1931 713 2009 μὲν
729 1929 784 1992 καί
801 1925 950 2009 γυναικός
970 1923 1098 2010 ἔρημον,
1118 1921 1178 1988 όπδ
1196 1933 1351 2011 φρουροῖς
1361 1935 1390 1987 15

248 2031 284 2092 δὲ
307 2029 363 2092 καί
392 2029 528 2114 φύλαξιν
557 2023 600 2104 οδς
621 2026 732 2114 νήπιον
763 2032 830 2092 ἐκεῖ
859 2023 914 2092 τόν
946 2028 1109 2122 εἰκοσαετῆ
1137 2024 1191 2090 καί
1225 2028 1350 2088 παίδων

247 2121 308 2213 ἤδη
333 2133 454 2214 πατέρα
475 2154 517 2211 με
541 2130 741 2194 καταστάντα
769 2132 1044 2212 παιδαγωχεϊσθαι
1067 2123 1292 2210 προστεταχυός
1314 2125 1350 2192 ἐν

246 2230 374 2320 α’δὲσμιρ
398 2234 475 2305 τέοος
499 2229 605 2318 εἱρκτῇ
621 2255 630 2274 ·
673 2233 728 2295 καί
750 2225 832 2294 οὕτω
852 2230 908 2315 τὴν
937 2229 1018 2312 ε’μὴν
1047 2228 1206 2292 ἀπουσίαν
1227 2225 1349 2308 εόπρό-

247 2353 353 2395 σοοπον
373 2333 540 2413 εόκαιρίαν
572 2323 618 2406 οἷς
639 2320 733 2394 οόδινε
764 2330 862 2394 πόλοι
889 2333 1050 2412 σκέμμασι
1078 2331 1134 2392 νῦν
1164 2327 1342 2409 ἐχαρίζετο.

181 2431 298 2496 mm
319 2429 380 2512 ydp
405 2433 461 2496 καί
482 2434 628 2513 τέταρτον
653 2435 746 2496 τοῦτο
768 2433 899 2515 προσδιό
916 2453 972 2512 μοι
995 2427 1136 2519 τῷλόγῳ
1153 2431 1266 2510 δεῖγμα
1290 2429 1387 2509 τῆς20
1467 2489 1468 2502 ¹

247 2536 290 2596 δι’
313 2526 415 2613 ὅρκιον
439 2533 605 2616 ἀπατηλῶν
640 2535 728 2620 αότῴ
757 2542 824 2597 κατ’
846 2536 926 2614 ε’μοῦ
958 2533 1231 2614 συσκευαζομένης
1250 2529 1345 2609 μελέ.

318 2762 344 2816 7.
364 2765 410 2830 τῆς
428 2760 527 2816 addidit
545 2761 685 2816 Boivinus.

247 2995 303 3032 rem
322 2987 349 3034 et
367 2993 480 3047 pompae
497 2979 646 3044 ridiculum,
664 2978 740 3029 domo
756 2976 865 3045 prodire
884 2977 912 3027 in
928 2975 1016 3027 animo
1026 2973 1153 3026 haberem
1167 2974 1235 3026 haec
1252 2988 1346 3040 possus

246 3068 312 3105 sum.
331 3050 375 3102 hic
387 3059 474 3102 autem
495 3051 573 3102 etiam
589 3057 684 3116 postea
706 3048 840 3100 occultum
861 3047 948 3100 odium
967 3045 1029 3098 tulit
1048 3053 1078 3096 ut
1098 3045 1219 3112 expleret
1238 3057 1299 3095 eum
1318 3045 1346 3096 in

245 3139 287 3174 me
306 3137 388 3190 aquo
407 3121 482 3172 nulla
496 3121 592 3173 iniuria
609 3121 719 3170 affectus
739 3126 804 3170 erat.
826 3119 873 3171 sed
892 3119 954 3187 quid
973 3133 1041 3186 quae
1060 3118 1124 3170 satis
1144 3116 1264 3168 omnibus
1282 3125 1347 3168 nota

246 3196 299 3246 sint
311 3207 470 3260 expromam.
493 3192 588 3243 deinde
602 3191 670 3241 enim
684 3205 804 3243 socerum
817 3206 895 3260 quum
914 3189 1045 3258 quomodo
1059 3189 1169 3240 emedio
1181 3202 1224 3239 me
1235 3187 1348 3240 tolleret

245 3281 336 3316 secum
355 3261 545 3326 meditaretur,
570 3261 692 3314 Palamae
719 3261 850 3312 asseclae
863 3269 891 3313 ut
910 3277 986 3330 quam
1007 3259 1147 3312 celerrime
1168 3275 1210 3310 me
1234 3267 1347 3310 necaret

246 3335 376 3386 adhortati
401 3340 471 3383 sunt.
508 3348 568 3383 nam
586 3334 624 3383 ita
644 3349 701 3383 eum
714 3332 790 3384 brevi
809 3333 841 3384 ab
868 3336 938 3384 omni
963 3332 1045 3383 enimi
1068 3340 1139 3382 metu
1163 3339 1347 3398 quopropter

244 3422 287 3456 me
308 3411 453 3455 vexaretur
473 3403 582 3454 liberari
601 3403 775 3455 affirmabant.
822 3406 896 3471 ipsos
918 3411 1005 3455 autem
1026 3403 1126 3454 crimen
1145 3400 1269 3468 precibus
1289 3403 1346 3453 suis

245 3475 314 3544 apud
335 3475 412 3526 deum
434 3475 587 3540 expiaturus
607 3490 676 3526 esse.
714 3475 784 3543 quod
811 3475 875 3527 mihi
897 3489 961 3526 sane
980 3475 1105 3542 optimum
1131 3474 1226 3525 suisset
1245 3479 1272 3523 et
1292 3487 1346 3524 ne..

244 3548 301 3600 scio
324 3560 371 3596 cur
390 3546 480 3598 iacere
498 3545 625 3597 noluerit.
663 3561 721 3598 nam
743 3545 884 3598 liberasset
901 3561 944 3597 me
963 3545 995 3597 ab
1009 3545 1130 3595 omnibus
1149 3558 1217 3611 quae
1234 3552 1345 3596 secutae

245 3625 307 3670 sunt
327 3617 452 3666 miseriis.
500 3617 551 3682 ipsi
571 3631 636 3667 vero
655 3618 748 3670 nescio
778 3633 811 3669 an
833 3619 947 3669 omnium
971 3615 1141 3683 opprobrium
1157 3622 1242 3666 ortum
1262 3619 1344 3666 esset.

246 3704 328 3757 quare
348 3688 508 3739 commodius
539 3686 639 3754 aliquid
664 3690 829 3756 excogitavit
861 3697 888 3740 et
913 3704 989 3756 quam
1020 3686 1160 3738 celerrime
1180 3703 1194 3736 e
1213 3686 1299 3753 patria
1319 3693 1345 3736 et

244 3760 329 3827 regiis
349 3758 455 3809 sedibus
475 3757 690 3810 Thessalonicam
709 3775 751 3810 me
777 3760 885 3812 abduxit
906 3767 989 3810 matre
1010 3772 1069 3808 mea
1088 3765 1116 3808 et
1134 3772 1219 3808 uxore
1238 3755 1342 3808 relicta.

224 3829 336 3897 'ibique
362 3844 404 3878 me
429 3829 526 3897 viginti
546 3844 629 3881 annos
655 3837 743 3882 natum
766 3832 871 3899 iamque
889 3831 1004 3883 filiorum
1032 3835 1133 3895 patrem
1153 3837 1277 3896 tauquam
1298 3829 1342 3878 in.

245 3901 521 3964 iantempcustodibus
537 3901 699 3954 tractandum
720 3903 792 3954 dedit
819 3905 847 3954 in
876 3901 961 3953 libera
981 3901 1108 3953 custodia.
1158 3899 1265 3950 interim
1284 3900 1342 3964 ipse

245 3978 394 4038 opportuno
424 3972 560 4023 absentiae
586 3987 662 4024 meae
686 3981 806 4040 tempore
833 3975 932 4040 optimc
960 3988 1022 4024 usus
1049 3979 1075 4022 et
1094 3987 1163 4038 quae
1187 3972 1240 4021 iam
1258 3969 1340 4020 multo

243 4049 305 4092 ente
328 4041 414 4092 auimo
442 4058 532 4094 secum
552 4042 722 4095 volutaverat
749 4054 889 4096 exsecutus
917 4051 966 4095 est.
1003 4051 1032 4095 ut
1054 4042 1106 4094 hoc
1126 4049 1246 4111 quartum
1262 4040 1340 4092 terli-

244 4113 359 4164 monium
380 4113 486 4166 consilii
507 4115 564 4165 eius
584 4114 690 4166 afferam
708 4116 777 4183 quod
805 4115 975 4167 iurisiurandi
1000 4113 1115 4165 fallaciis
1134 4115 1162 4164 in
1183 4127 1225 4162 me
1249 4113 1339 4162 inten-

245 4184 301 4248 dit,
324 4198 403 4252 quum
428 4185 564 4256 promissis
589 4200 656 4254 quae
678 4187 747 4254 patri
767 4187 876 4239 dederat
894 4185 963 4237 male
982 4187 1014 4237 ad
1035 4185 1138 4237 irritum
1156 4183 1270 4236 redactis
1288 4190 1338 4233 tam

240 4255 308 4309 ‘diris
334 4254 420 4324 plagis
444 4265 536 4323 septus
563 4272 647 4312 essem
676 4267 701 4312 et
729 4259 844 4312 miseriis
870 4273 938 4327 quae
969 4259 1062 4311 mortis
1094 4255 1211 4309 confines
1244 4254 1338 4308 videa·
