2992 4918
272 333 514 400 nrsroararc
542 335 800 400 naitanum
828 337 926 401 xxti.
959 321 998 403 3.
1033 320 1073 404 t.
1212 332 1233 400 t

132 485 215 556 κτείν
232 493 374 581 ου’όαμῇ.
408 492 464 558 ud
489 495 653 579 δήτοῦτο
675 498 731 559 καί
753 497 878 577 δέσμιοι
900 495 1034 581 τήμερον
1052 493 1153 580 ήμεῖς,
1176 497 1236 560 άν-

133 588 322 671 θιττάμενοι
343 597 382 682 τῇ
399 591 488 682 ῥόμῃ
509 598 563 678 τῆς
585 595 743 680 α’σεβείας,
765 588 840 660 όοον
860 593 999 682 ἐφικτόν.

236 697 349 760 Ταῦτα
377 699 485 760 τοίνυν
514 699 570 760 καί
593 691 637 759 τό
670 699 802 760 τοιαῦτα
837 698 1106 781 όιεξεληλυθότονν
1134 695 1273 781 η’μιῦν,4

133 791 230 858 ἔπειτ’
251 794 377 860 ἐκείνου
397 799 563 861 πυθέσθαι
583 799 651 881 τής.
670 797 762 880 ε’γγῦς
787 799 988 874 είκοοαετοῦς
1010 797 1162 884 ἐκδημίας
1180 797 1237 863 τόν

110 891 245 978 5τρότιον
269 894 399 980 ἐζήτουν
421 895 495 982 ε’γιό,
519 891 601 974 όπατς
624 922 656 962 τε
678 895 754 980 ἔσχε
775 897 828 964 καί
851 891 936 970 ὅπως
960 897 1056 975 αῦτός
1076 897 1162 986 ἐβίω,
1182 899 1237 964 καί

132 989 191 1083 όπη
212 993 274 1079 τήν
295 998 424 1061 δίαιταν
451 995 604 1078 όμεταξῦ
628 1001 683 1063 καί
706 1003 776 1063 οῗάν
798 1000 885 1087 ου’τιή
912 1003 1090 1082 παρέσχετο
1110 996 1236 1085 χρόνος.

132 1087 228 1160 elaea
248 1099 337 1180 γάρ,
369 1094 496 1184 ἔλεγον,
531 1096 575 1174 cic
594 1095 735 1180 ἱστορίας
767 1097 840 1180 ἐμοί
867 1103 1081 1184 συγγράφοντι
1105 1103 1237 1182 βίβλους

131 1193 241 1280 μακρά
265 1220 314 1272 τις
337 1187 419 1262 odeo
452 1197 603 1281 τυγχάνει
635 1199 690 1262 καί
709 1195 796 1279 μάλα
829 1189 1081 1284 πεφροντισμίνη
1103 1197 1243 1284 σπονδή,-

131 1304 248 1380 πεῖραν
271 1300 488 1378 ξυντιλοχίναι
510 1296 665 1363 παντοίαν
684 1296 902 1381 πραγμάτων,
928 1291 1005 1381 όσην
1030 1294 1049 1360 ά
1071 1322 1104 1364 τε
1125 1300 1236 1382 χρόνος

92 1395 206 1479 λθήμῖν
242 1399 471 1481 α’κριβίστερον
506 1403 735 1480 σκοπουμένοις
757 1400 810 1463 άεί
831 1404 1023 1484 παρέχεται,
1046 1404 1101 1464 κοί
1125 1395 1182 1484 ῦση
1203 1399 1237 1465 όκ

129 1499 183 1580 τής
203 1501 272 1562 τοῦν
287 1491 424 1563 ῦλλοθεν
446 1493 555 1564 ἄλλοτ’
569 1489 674 1576 άλλως
693 1499 770 1584 ήμῖν
788 1498 914 1580 ὁμιλίας
925 1499 1028 1566 εἵνεκα
1044 1497 1237 1584 προσιόντων

130 1594 289 1681 όσχολιλις
324 1597 376 1662 riui
395 1604 609 1683 περιγίνεται,
641 1597 821 1685 διηγήματα
850 1605 1054 1686 προτιθείσης
1074 1597 1134 1668 ὅσα
1155 1605 1238 1680 τ’όξ

131 1689 228 1782 όκοῆς
251 1703 307 1764 καί
330 1695 391 1764 ὅσα
406 1701 448 1764 δι’
463 1693 571 1782 dueum
587 1699 793 1788 παρειληφώς
816 1706 860 1791 τῷ
875 1705 1077 1789 φανταστικῷ
1098 1707 1154 1788 τῆς
1168 1720 1238 1784 ψυ-

130 1800 190 1881 χῆς
220 1800 419 1865 ἐννοήσασιν
440 1798 567 1876 ἕκαστος
591 1806 709 1866 πίνακι.
767 1798 939 1888 ῦπερφυαῦς
964 1801 1026 1886 γάρ
1049 1807 1104 1868 καί
1122 1808 1236 1888 Διογί·

95 1907 184 1983 torpa
206 1903 325 1978 ἐκεῖνος
346 1898 363 1965 ό
387 1899 511 1978 κυνικός
524 1905 683 1986 εἰρηκέναι
708 1906 798 1967 δοκεῖ
814 1928 881 1985 μοι,
903 1903 1122 1987 σχολαζόντων
1136 1908 1238 1988 άσχο-

132 1998 205 2064 λίαν
227 1991 273 2064 οῦν
295 1994 337 2065 όν
356 2026 406 2078 τις
425 1997 559 2087 ἐφίεταί
584 2007 656 2068 λίαν
684 2007 879 2087 πραγμάτων
900 2003 975 2081 τοῦς
996 2004 1117 2088 ἔρωτας
1137 2000 1237 2070 εἶναι·
1318 2007 1319 2014 '

131 2101 233 2185 μικρά
254 2101 317 2185 γάρ
349 2096 370 2186 ἢ
404 2106 498 2169 odito
527 2108 590 2170 τῶν
619 2102 681 2184 eim
713 2105 863 2189 θορύβων
893 2109 1058 2170 avertam
1088 2107 1237 2192 ἑχόντων,

132 2205 234 2288 σχολῇ
255 2207 285 2284 γ’
305 2197 347 2284 όν
361 2197 462 2280 diter
484 2206 598 2292 φανείη
620 2207 655 2271 τό
681 2205 866 2288 κινοῦμενον
891 2209 1074 2291 άπρακτοῦν
1095 2210 1150 2290 τῆς
1169 2221 1243 2286 pru

91 2307 98 2318 ‘
133 2307 206 2386 χής.
236 2303 311 2385 ἐμοί
329 2307 359 2370 δ’
381 2303 421 2391 ήν
442 2309 507 2371 τοῦν
526 2303 587 2388 ἔξω
609 2293 754 2391 θεάτρων
773 2306 892 2392 σχολήν
912 2307 934 2371 ό
954 2309 1016 2372 τοῦν
1039 2303 1123 2389 ἐμάν
1145 2313 1239 2391 Προ-

95 2403 260 2486 λομηθεῦς
283 2410 463 2489 παρέσχετο
497 2406 623 2490 λόγων,
644 2410 758 2473 διπλοῦ
790 2411 846 2470 καί
865 2411 997 2492 τριπλοῦ
1019 2405 1104 2482 τινός
1125 2407 1238 2490 ἔρωτος

136 2495 294 2586 όσχολίάν
324 2501 409 2582 ὅπως
436 2514 503 2571 ποτ’
526 2509 681 2591 ἐξεγένετο
714 2507 809 2592 δρῦν,
842 2512 899 2572 νῦν
920 2510 978 2589 μὲν
1000 2517 1067 2583 τοῖς
1088 2503 1140 2572 α’τί
1161 2532 1239 2592 προ-

134 2605 263 2670 σιοῦσιν
287 2598 393 2670 ἄλλοτ’
411 2599 530 2688 άλλοις,
554 2607 659 2673 ότιόσα
680 2612 721 2696 τῷ
743 2611 843 2706 καγρρῦ
870 2612 926 2673 καί
944 2612 984 2695 τῇ
1005 2612 1099 2694 χρείη
1119 2608 1239 2694 προσή-
1265 2652 1270 2658 ,

136 2726 200 2768 κειν
224 2707 325 2788 δοκεῖ,
348 2709 372 2748 ’ί
389 2706 443 2773 dmi
467 2709 606 2793 γλοόττης
627 2709 664 2773 οῦ
685 2709 772 2790 μάλα
795 2711 896 2775 ὀκνεῖν
922 2705 1100 2791 ὁμιλοῦντι,
1121 2713 1178 2776 νῦν
1201 2713 1265 2779 ddi.
1284 2725 1319 2780 96
1339 2725 1358 2778 λι

142 2991 255 3044 animum
277 2992 426 3045 induceret.
466 3010 547 3063 quare
570 2995 648 3047 etiam
666 3008 715 3046 nos
733 2994 760 3046 in
782 2987 900 3045 vinculis'
918 2991 997 3044 hodie
1018 3007 1127 3057 sumus,
1150 2991 1235 3062 quod,
1339 3009 1349 3022 “

143 3071 265 3132 quantum
288 3064 347 3116 deri
367 3067 470 3132 potuit,
490 3067 602 3119 irruenti
623 3065 753 3133 impietati
774 3066 947 3117 restitimus.“
1090 3078 1091 3086 ¹

208 3153 285 3204 Haec
303 3162 384 3222 atque
405 3153 459 3206 alia
478 3149 607 3208 eiusmodi
629 3171 708 3222 quum
727 3169 775 3206 nos
797 3154 880 3205 locuti
899 3169 1033 3219 essemus,
1061 3153 1094 3206 de
1111 3154 1237 3222 peregri.

140 3225 266 3288 natione,
287 3240 355 3292 quae
377 3241 426 3292 per
451 3227 547 3295 viginti
569 3227 626 3278 sere
645 3241 728 3278 annos
747 3227 899 3289 duraverat,
921 3241 954 3276 ex
973 3241 1005 3277 eo
1025 3241 1156 3294 quaerere
1176 3232 1237 3277 ten.

140 3295 373 3364 tabam,qnomodo
392 3312 452 3350 sese
471 3299 624 3363 habuisset,
647 3296 751 3366 qualem
773 3298 852 3349 vitam
866 3299 924 3362 ipse
942 3297 1076 3363 degisset,
1097 3297 1142 3348 ubi
1162 3309 1249 3348 com:

140 3375 253 3419 moratus
276 3377 358 3432 esset,
381 3369 467 3436 qualis
486 3371 564 3422 sedes
586 3369 691 3432 inisset,
710 3362 818 3436 quae‘ei
835 3382 884 3434 per
901 3368 927 3418 id
945 3374 1048 3434 tempus
1070 3369 1237 3436 contigisset.

140 3439 206 3502 „scis
223 3439 303 3503 enim,
321 3440 447 3508 inquam,
463 3441 529 3492 mihi
538 3442 666 3493 historiae
678 3439 761 3492 libros
776 3437 955 3491 conscribenti
969 3455 1044 3507 quam
1064 3439 1177 3492 maxime
1188 3455 1237 3490 cu.

139 3525 181 3560 rae
198 3511 329 3579 cordique
350 3526 410 3564 esse
426 3513 558 3564 variarum
576 3528 664 3564 rerum
685 3527 760 3564 usum
779 3510 922 3578 colligere,
944 3511 989 3577 qui
1010 3518 1036 3562 et
1052 3519 1172 3578 ternpore
1184 3523 1238 3562 no-

137 3580 176 3632 bis
200 3598 246 3634 res
269 3584 419 3638 accuratius
440 3585 647 3654 pervestigando
673 3583 873 3650 suppeditatur,
899 3589 925 3632 et
946 3581 1033 3633 studio
1056 3581 1165 3648 eorum,
1191 3583 1239 3650 qui

138 3655 314 3723 undecunque
331 3669 381 3708 nos
393 3656 448 3708 ‘alii
460 3655 521 3712 aliis
539 3655 702 3724 temporibus
723 3653 896 3722 colloquendi
916 3654 1002 3720 gratia
1019 3656 1193 3717 conveniunt,
1205 3653 1238 3705 ad

138 3727 345 3790 corrotundant,
369 3743 447 3795 quum
467 3731 581 3797 quisque
604 3737 709 3779 enarret
732 3742 799 3796 quae
822 3723 867 3777 vel
890 3724 969 3775 fando
987 3724 1033 3776 vel
1055 3726 1169 3778 videndo
1188 3740 1236 3776 ac.

138 3798 207 3864 cepit
225 3806 307 3866 atque
331 3801 475 3850 memoriae
502 3816 567 3854 suae
589 3807 615 3851 et
642 3798 798 3868 cogitationi
824 3797 967 3861 impressit.
1005 3797 1147 3864 ingenioso
1166 3799 1237 3850 enirn

137 3869 272 3938 diogenes
304 3867 352 3922 illc
382 3873 494 3937 cynicus
519 3872 619 3925 dixisse
655 3871 720 3922 mihi
750 3869 871 3931 videtur,
898 3881 1001 3920 amores
1039 3885 1099 3921 esse
1131 3869 1236 3922 otioso-

137 3957 190 3992 run
210 3941 348 3994 hominum
370 3943 456 3995 studia
475 3945 502 3994 in
522 3944 554 3996 iis
577 3942 656 3996 rebus
672 3942 823 4005 collocata,
852 3953 920 4006 quae
938 3940 998 4007 quis
1017 3941 1131 3992 maxime
1150 3955 1237 4008 appe-

137 4021 181 4066 tat.
220 4031 302 4083 quum
333 4013 402 4082 enim
431 4013 538 4082 paulum
565 4015 610 4067 vel
636 4013 704 4070 nihil
731 4013 834 4065 externi
861 4009 989 4063 tumultus
1017 4027 1066 4064 nos
1087 4012 1235 4064 distrahere

137 4086 247 4150 possint,
267 4087 296 4138 in
317 4085 374 4136 otio
395 4094 481 4139 motus
500 4087 581 4138 animi
600 4087 741 4156 quiescere
767 4081 911 4136 ridebitur.
958 4083 1022 4134 mihi
1044 4099 1130 4146 vero,
1151 4088 1237 4151 qdan.

138 4165 189 4210 tum
208 4159 260 4212 otii
280 4157 315 4212 ab
337 4159 456 4210 externis
474 4158 558 4210 turbis
577 4166 657 4225 atque
685 4155 845 4224 spectaculis
870 4167 989 4205 meorum
1008 4154 1150 4206 verborum
1169 4153 1237 4206 Pro.

139 4229 429 4295 comosissimum,
458 4231 491 4296 iq
504 4228 605 4297 duplici
624 4227 669 4282 vel
696 4226 795 4294 triplici
819 4239 909 4276 amore
929 4225 1077 4293 explendo,
1104 4234 1238 4294 utcunque
