2992 4916
195 349 415 416 msroumu
432 350 690 417 urzlurmln
706 356 841 418 xxxvr.
866 338 1049 421 13-16.
1124 351 1195 426 509

97 509 241 596 ἐπισήμῳ
276 510 331 575 καί
354 510 473 597 ἀρχικῆ
495 512 636 600 σημαίρ,
677 512 776 597 μέχρι
806 513 927 588 πόλεως
947 537 981 578 τε
1013 515 1068 581 καί
1089 510 1196 593 ἓστίας

96 613 158 674 τῶν
181 612 214 675 ἐν
233 611 377 700 Βιθυνίᾳ
403 613 621 697 περιβλέπτων
636 637 670 677 τε
692 615 748 678 καί
768 614 903 691 ἐνδόξων
923 617 1016 697 μιᾶς·
1072 619 1193 686 Νίκαια

95 711 231 795 ταυτησί
259 710 293 776 τό
328 712 510 795 ἒπιύνομον·
564 713 643 778 ἔνθα
667 713 703 799 riq*
733 715 845 791 πάντες
867 716 1026 802 συνῄεσαν
1046 719 1193 796 Βιθυνοί,

96 807 169 874 ὅσοι
191 835 224 875 τε
247 813 310 876 τοῖν
329 813 506 897 βαρβάρων
529 813 584 878 καί
606 812 779 900 Ιὁμοφύλων
805 816 912 902 αότιῆ,
935 816 990 879 καί
1012 813 1082 881 ὅσοι
1102 823 1194 900 μιξο-

70 912 267 996 ridebere,
288 914 345 976 καί
365 914 446 998 πρός
458 937 493 997 γε
507 911 603 990 ὅσους
625 920 687 980 τῶν
703 915 877 1005 ὁμοφύλων
898 912 990 992 ὅντας
1011 915 1087 1000 ἡμῖν
1109 915 1196 994 ὅπως

95 1012 172 1076 ποτὲ
193 1020 259 1088 τοῖς
280 1012 501 1099 βαρβάροιςῆ
535 1015 613 1099 ’τύχη
650 1017 810 1080 δουλεύειν
829 1017 998 1103 η’νάγκασε,
1023 1021 1112 1105 δῶρα
1136 1019 1195 1104 φέ-

97 1135 203 1196 ροντες
223 1117 420 1192 παντοδαπά,
444 1108 593 1201 πρόβατα
609 1117 664 1182 καί
682 1116 762 1197 βόας
784 1117 839 1181 καί
860 1116 978 1180 ἔπιπλα
990 1120 1047 1183 καί
1064 1123 1195 1182 τοιαῦτα

95 1208 173 1276 ἀττα
197 1213 426 1295 πόμπολλάττ
453 1218 508 1280 καί
541 1219 703 1300 πολυειδῆ.
756 1202 876 1301 ὀλίγαις
909 1219 937 1279 δ’
960 1215 1092 1304 ὅστερον
1114 1217 1194 1301 ἦμέ-

95 1338 168 1397 ριιις
190 1312 217 1378 οἱ
242 1317 486 1400 προπέμψαντες
505 1319 662 1402 ἐπανῆκον
681 1318 853 1398 Βοζάντιοι
871 1322 947 1401 μεθ’
972 1309 1015 1382 ὧν
1037 1321 1195 1405 προσῆκεν

53 1429 83 1484 10
94 1415 218 1479 ἐκεῖθεν
237 1418 381 1503 χαρίτων
403 1419 458 1483 καί
481 1419 602 1505 δούρων.

196 1519 266 1583 Καί
284 1521 385 1584 ταῦτα
403 1521 462 1603 μὲν
492 1523 601 1586 τοῦτον
633 1520 708 1602 ἔσχε
729 1521 793 1587 ’τόν
814 1517 941 1607 τρόπον,
964 1523 1020 1588 καί
1037 1521 1073 1587 τό
1097 1522 1194 1609 θέρος
1204 1550 1260 1602 1⁰

93 1620 128 1682 ἐν
149 1618 270 1695 τούτοις
290 1620 443 1699 ἐτελεύτα,
463 1621 559 1707 ξηρόν
579 1625 611 1698 ἐς
629 1625 778 1688 τοσοῦτον
798 1625 964 1708 γενόμενον
985 1624 1040 1687 καί
1061 1623 1192 1705 αὐχμοῖ-

95 1721 148 1794 δες
173 1719 228 1783 καί
251 1721 452 1786 παντάπασιν
476 1718 607 1808 ἀνικμον
629 1722 671 1799 ὦς
691 1725 747 1788 καί
771 1724 979 1809 ἀποῆνιόσεως
1000 1719 1063 1808 ῆδη
1086 1749 1191 1808 παρα-

93 1818 236 1897 σχέσθαι
253 1828 327 1912 ,τοῖς
365 1822 597 1908 ἀμπιλοορχοῐς
626 1821 795 1900 ἀπονοίας·
852 1824 986 1890 ἔσεσθαι
1011 1822 1072 1910 γὰρ
1104 1821 1191 1888 οἴνου

49 1933 81 1986 15
90 1921 222 2004 μακρόν
240 1946 310 1987 τινα
332 1923 446 1988 σπάνιν
466 1925 521 1989 καί
544 1923 684 2010 ἀφορίαν
707 1921 812 2013 ᾤοντο.
836 1926 871 1990 τὸ
895 1929 925 1990 δ’
946 1928 978 2002 ἐς
1000 1929 1064 1990 πᾶν
1090 1923 1192 2008 ἀπέβη

90 2018 283 2099 τούναντίον,
307 2020 351 2098 οἷς
374 2023 654 2109 ἀνωμολογημένον
669 2024 773 2090 ὅπασι
793 2030 984 2111 γεγενῆσθαι
1004 2028 1116 2108 θαῦμα
1139 2025 1193 2088 ἐπί

91 2120 237 2216 θαύματι
258 2125 349 2189 τοῦτο
380 2123 469 2211 παρά
502 2125 557 2188 τοῦ
593 2127 775 2211 κρείττονος.
826 2129 951 2211 πρῶτον
977 2127 1036 2208 μὲν
1070 2122 1130 2209 γὰρ
1153 2119 1193 2206 ἦν
1262 2127 1266 2134 ’

92 2223 194 2284 ἐκεῖνο
217 2225 330 2305 θαῦμα
352 2229 440 2289 θεῖον
471 2226 526 2290 καί
545 2225 711 2311 μέγιστον,
734 2229 768 2290 ἐν
788 2235 913 2313 καιροῖς
942 2227 1113 2301 τοιούτοις,
1141 2219 1192 2287 ὅτε

90 2319 127 2385 τό
154 2320 366 2403 ἀκμαιότατον
386 2327 443 2408 τῆς
462 2328 664 2412 βαρβαρικῆς
694 2326 804 2406 ἰσχύος
826 2323 881 2409 τῆν
899 2324 1068 2409 Ῥωμαίων
1091 2323 1191 2387 πύλαι

44 2439 80 2494 20
91 2421 194 2484 πολύν
213 2445 284 2485 τινα
302 2425 419 2510 χρόνον
439 2425 684 2508 ἐπιβοσκόμενον
706 2429 771 2511 γῆν,
793 2427 911 2512 μικρού
932 2426 988 2489 καί
1011 2421 1189 2500 αύτάςΒυ-

92 2522 228 2601 ζαντίων
250 2523 305 2600 τὰς
318 2526 418 2603 πύλας
439 2526 638 2612 ἐφκὲκλεικεν,
664 2525 705 2603 ὦς
728 2527 873 2611 ἀοίκητον
895 2519 1051 2590 εἶναικαὶ
1074 2521 1191 2607 ἄβατον

90 2623 229 2708 ἐρημίαις
250 2623 291 2688 τό
306 2625 365 2704 ἐξω
381 2629 491 2692 πυλῶν
509 2626 641 2706 ἅπαντα,
661 2627 767 2694 ἔπειτα
788 2629 892 2693 νεόσει
913 2630 992 2692 brou
1010 2624 1191 2712 παράδοξόν

88 2749 162 2790 τινα
184 2728 239 2791 καί
261 2727 498 2814 ἀπροσδόκητον
520 2731 671 2816 ἐξαίφνης
696 2733 729 2794 ἐκ
751 2733 807 2814 τῆς
827 2735 882 2794 τοῦ
910 2728 1026 2806 παιδός
1041 2726 1191 2813 Ὑρκανοῦ

87 2827 315 2908 κατασχέσεως
333 2827 507 2914 Ῥωμαίοις
529 2832 717 2919 ἐλευθερίαν
740 2829 899 2917 γενέσθαι,
930 2828 974 2907 οἷς
996 2832 1077 2896 πᾶσι
1094 2827 1190 2911 βόσι-

88 3118 118 3165 et
140 3111 228 3164 iocum
249 3127 282 3166 ex
301 3111 444 3181 Bithyniae
464 3114 645 3170 celeberrimis
666 3124 692 3169 et
709 3116 859 3168 illustribus
878 3114 992 3184 oppidis.
1029 3113 1073 3164 cui
1090 3105 1187 3165 nomeu

90 3191 134 3236 est
155 3183 265 3236 Nicaea.
285 3183 337 3235 buc
357 3201 449 3238 omncs
461 3186 580 3254 bithynii
600 3189 752 3256 quicunque
771 3188 874 3240 barbari
895 3195 921 3237 et
939 3183 1046 3238 incolae
1069 3191 1096 3235 et
1113 3184 1189 3234 minti

88 3271 149 3306 cum
173 3255 292 3307 barbaris
312 3256 519 3322 conveniebant,
541 3267 567 3309 et
580 3269 729 3326 praeterea,
749 3275 815 3328 quoe
835 3257 981 3310 incolarum
999 3263 1106 3307 nostros
1124 3254 1188 3305 olim

85 3325 208 3378 barbaris
226 3328 332 3379 servire
350 3327 455 3381 fortuna
476 3339 617 3397 coeperat,
640 3331 707 3382 dona
726 3330 872 3382 attulerunt
889 3329 978 3394 varia,
999 3341 1067 3395 agno
1088 3334 1115 3378 et
1132 3326 1184 3377 bo.

86 3413 138 3447 ves
156 3405 183 3449 et
200 3398 416 3464 suppellectilem
436 3409 462 3452 et
482 3402 611 3453 eiusmodi
632 3401 714 3452 multa
734 3411 761 3454 et
778 3403 862 3454 varia.
898 3402 989 3468 paucis
1010 3399 1103 3452 diebus
1123 3404 1185 3465 post

84 3467 212 3534 Byzantii
230 3471 334 3521 reversi
354 3479 414 3522 sunt
433 3485 491 3522 oum
511 3473 605 3539 quibus
626 3474 735 3525 miserat
753 3475 846 3540 gratiis
866 3481 892 3524 et
912 3474 998 3525 donis.

188 3555 261 3606 llaec
281 3572 338 3606 eum
367 3557 445 3608 linem
465 3557 622 3611 babuerunt.
661 3569 687 3610 ct
715 3569 801 3612 aestas
822 3560 862 3612 his
882 3561 960 3612 rebus
988 3561 1110 3611 conlecta
1136 3565 1186 3622 ost,

85 3643 157 3695 qnae
176 3627 282 3694 quidem
301 3627 491 3694 pulverulenta
509 3630 575 3680 adeo
603 3639 629 3682 et
647 3631 773 3697 squalosa
802 3640 828 3683 ct
847 3633 954 3682 omnino
973 3640 1097 3683 aestuosa
1119 3625 1185 3692 erat,

84 3705 116 3749 ut
136 3698 285 3750 vinetorum
306 3715 367 3764 spes
387 3700 413 3748 in
433 3700 647 3766 desperationem
668 3703 783 3756 venerit.
830 3719 888 3754 nam
910 3702 965 3754 vini
984 3715 1104 3768 magnam
1123 3700 1186 3750 ino.

83 3770 157 3836 piam
178 3778 205 3821 et
223 3768 390 3821 sterilitatem
411 3771 525 3822 loturam
553 3774 721 3838 iudicabant,
742 3774 812 3842 quod
831 3773 911 3839 plane
930 3772 1009 3824 alitor
1028 3774 1126 3822 iactum
1146 3777 1187 3821 est

83 3841 204 3892 omniurn
223 3854 366 3892 consensu.
400 3842 555 3895 miraculum
574 3853 695 3896 secutum
714 3853 754 3896 eet
778 3843 932 3895 miraculum
957 3843 1077 3894 melioris
1098 3841 1186 3893 lortu.

82 3927 148 3964 nac.
185 3912 297 3979 primum
329 3915 398 3964 euim
418 3915 537 3966 divinum
561 3916 716 3967 miraculum
747 3923 773 3966 et
791 3931 916 3966 summum
947 3914 997 3965 luit
1017 3913 1095 3978 illud,
1114 3913 1186 3981 quod
1219 3915 1222 3919 '

84 3983 217 4035 eiusmodi
237 3984 411 4048 temporibus,
430 3985 476 4036 ubi
495 4001 622 4037 summum
634 3987 804 4038 barbarorum
825 3987 904 4037 robur
926 3999 974 4051 per
993 3985 1102 4052 longum
1114 3993 1184 4036 tem-

81 4069 135 4120 pus
155 4053 334 4106 Romanorum
354 4055 416 4106 olim
443 4057 589 4122 depascens
620 4057 756 4125 paulisper
786 4059 856 4123 ipses
876 4057 1065 4122 Byzantiorum
1094 4063 1184 4122 portus

81 4123 248 4178 occluserat.
292 4126 329 4177 ita
356 4127 458 4186 inculta
485 4136 512 4179 ct
543 4128 616 4182 invia
644 4130 749 4180 deserta
777 4137 850 4180 crant
880 4130 967 4179 omnia
994 4135 1068 4179 extra
1095 4132 1184 4192 portas

79 4197 153 4250 loca.
193 4197 310 4268 denique
328 4198 371 4249 dei
398 4205 463 4251 nutu
489 4199 626 4267 inopinata
654 4215 685 4252 ac
712 4201 851 4267 repentina
874 4215 907 4251 ex
927 4200 1042 4266 llyrcani
1068 4195 1117 4250 lilii
1136 4211 1184 4247 ca.

78 4271 209 4342 ptiritate
227 4267 353 4344 llomsuis
372 4271 482 4326 libertas
500 4271 570 4328 luctu
591 4279 646 4342 est,
673 4280 702 4328 ut
728 4271 849 4330 omnibus
875 4270 1041 4328 accessibilis
1063 4277 1090 4324 et
1110 4266 1183 4324 cultu

987 4482 994 4506 ί
