2880 4910
218 325 433 396 arsromta
458 324 719 406 ammiti!
736 266 861 404 mxu.
884 310 1069 401 λλ-λθ.
1142 325 1216 398 387

141 493 189 566 ξαν
203 493 279 554 θεοῦ
300 495 357 557 τοῦ
380 491 522 578 οωτήρος
550 492 708 576 Χριστοῦ.
757 494 811 556 καὶ
839 495 938 556 ταῦτα
967 495 1027 573 μὲν
1058 490 1132 575 περί
1161 493 1220 575 τής
1231 504 1286 556 19

140 587 296 672 Θεοδώρου
315 593 433 678 σοφίας
454 595 510 658 καί
530 596 591 657 τῶν
613 586 789 674 θαομδτων
820 587 837 656 ὁ
858 595 947 667 θεῖος
971 593 1101 670 διέξεισι
1119 595 1250 674 μετα-ἱ
1263 594 1315 650 159
1323 611 1347 651 r·

138 686 271 772 φθασῐὴε
303 690 346 766 οδς
368 695 402 758 ἐν
423 692 513 780 τδπφ
535 693 635 758 εἰπεῖν
667 689 723 757 καί
742 693 888 770 σκιωδαίς
908 717 976 770 πως
1003 691 1061 776 τήν
1084 687 1221 774 δήλωσιν

18 873 19 876 ρ
135 795 194 864 τοῖς
212 786 255 874 μή
278 802 432 858 οονιεῑσιν
454 789 712 878 ἀφοσιώσασθαι.
743 786 772 856 -ὅ
794 817 830 876 με
847 790 912 877 μήν
934 791 1105 879 Θεοφάνης
1125 791 1141 858 δ
1161 792 1220 878 μδ.

18 881 19 938 Ϊ
113 913 186 972 pyus
205 893 258 974 ιής
283 897 448 978 ἐκκλησίας
472 892 605 984 φωστήρ
627 895 684 958 καί
697 891 798 970 αδτὸς
819 891 893 970 τούς
917 895 991 958 καθ’
1011 889 1146 979 ἑκάστην
1168 892 1223 962 καί

18 995 19 998 ’
132 994 229 1058 πᾶσαν
248 993 370 1077 ἡμέραν
388 996 445 1060 τοῦ
463 991 582 1078 χρόνον
603 990 858 1072 παντδςποὶντως
880 991 998 1078 σχεδὸν
1009 994 1129 1076 δγίοος,
1152 987 1223 1058 ὅσοι

18 1149 19 1152 ,
131 1092 203 1177 πρὸς
223 1096 322 1160 oritoni
345 1100 408 1182 θεῷ
432 1098 685 1178 καθιερωθέντες
707 1092 839 1180 δρόμοις
861 1095 1040 1182 α’σκητικοῖς
1062 1092 1147 1175 ὁμοῦ
1167 1099 1223 1160 καί

130 1205 328 1280 μερτορικοῖς
357 1193 560 1281 ἀπήλλαξαν,
590 1199 720 1278 μέλεσιν
747 1197 875 1272 οἰκείοις
903 1195 1003 1260 αὑτοῦ
1025 1195 1222 1282 σοφωτάτοις

130 1290 263 1379 ὑμνήσας
279 1301 434 1381 λαμπρῶς
448 1299 551 1362 τεκαὶ
565 1299 713 1383 διαρκοδς,
735 1295 750 1361 δ
771 1297 928 1386 Θεοδώρῳ
949 1299 994 1384 rqi
1014 1299 1092 1386 θείφ
1113 1295 1222 1388 ἐκείνῳ

94 1389 261 1482 λθμδρτορι
276 1403 331 1464 καί
341 1402 433 1489 σοφῷ
446 1398 629 1488 διδασκδλφ
644 1401 701 1483 τῆς
716 1401 772 1464 τοῦ
783 1400 863 1464 θεοῦ
881 1401 1058 1484 ἐκκλησίας,
1073 1396 1116 1475 ὥς
1132 1396 1223 1484 εἴρη-

127 1521 183 1580 ται,
202 1497 367 1584 γενόμενος
382 1496 508 1566 ἅπαντα
523 1498 664 1588 α’δελφὸς
685 1501 742 1564 καί
759 1497 869 1583 φοχήν
883 1502 939 1564 καί
957 1504 1051 1581 σῶμα
1066 1501 1122 1564 καί
1138 1499 1223 1580 γνοί-

125 1623 183 1685 μην
202 1605 256 1668 καὶ
277 1593 415 1688 ἄθλησιν
438 1604 493 1666 καί
520 1599 702 1685 συμπαρὼν
730 1602 785 1666 καί
805 1602 1005 1684 σομπιὶσχων
1028 1600 1131 1690 αὐτῷ,
1153 1600 1225 1666 ἐπεί
1309 1605 1316 1618 ’

124 1709 183 1777 τοῖς
202 1706 366 1787 μεγίστοις
391 1704 520 1779 ἐκείνοις
555 1701 676 1766 ἐκείνου
703 1702 960 1778 σοναπελθόντος
984 1695 1097 1779 ἄθλοις
1125 1699 1221 1783 μόνος

126 1801 167 1888 τῷ
182 1803 240 1893 βίῳ
263 1808 482 1889 περιελείφθη,
516 1803 730 1886 ἄπελαθείσης
757 1795 820 1888 ήδη
840 1803 895 1868 καί
921 1806 978 1885 τῆς
999 1802 1222 1886 εἰκονομαχίας

92 1907 247 1993 ιςπρονοίρ
267 1907 349 1968 θεοῦ
370 1914 435 1980 τοῖς
459 1902 578 1970 τούτων
602 1905 723 1986 α’φαῖοιν
745 1906 1012 1989 ἐπικαμφθέντος,
1036 1911 1151 1988 κοσμεῖ
1168 1899 1224 1966 καί
1327 1953 1334 1968 .

122 2007 227 2071 τοῦτον
247 2015 313 2080 τοῖς
332 2001 450 2072 ἑαυτοῦ
468 2008 608 2090 μέλεσιν,
629 2006 733 2069 εἰιείνα
754 2004 915 2092 περιᾴδων
943 2008 999 2069 καί
1020 2005 1223 2088 ἀριθμούμε-

121 2127 166 2182 νος
185 2095 231 2172 ιδν
254 2106 415 2192 αδεόπτης
431 2099 470 2189 ἦν
490 2099 586 2182 αιῗτός
605 2109 662 2170 καί
680 2108 852 2173 ονναθλιδν
879 2109 935 2172 καί
952 2103 1078 2189 μα’ρτνς
1095 2106 1222 2188 γινόμε-

120 2229 166 2282 νος
185 2205 376 2285 ἀξιόπιστος.

207 2301 313 2374 Ἀλλὰ
347 2313 410 2374 τῶν
446 2312 554 2376 καλοῦν
581 2302 662 2374 εἶναί
690 2329 748 2391 μοι
785 2307 952 2375 ια’νταῦθα
983 2310 1072 2374 δοκεῖ
1093 2311 1286 2392 βραχίοσι)

89 2406 192 2490 λλπρδς
212 2407 349 2488 ἔνδειξιν
372 2415 568 2494 παραθεῖναι
588 2411 632 2498 τῷ
655 2405 755 2496 λόγῳ,
786 2412 841 2474 καί
862 2411 924 2474 ταῖν
947 2410 991 2497 τῷ
1011 2405 1090 2498 ἇγίφ
1113 2407 1221 2474 ἒπενε-

116 2513 256 2590 χθεισοδν
280 2509 418 2595 τήμερον
439 2505 565 2596 ὕβρεων
585 2508 662 2597 πρὸς
683 2511 775 2576 τοῦδε
807 2514 865 2575 τοῦ
888 2512 1064 2592 δυσμενοῦς
1084 2506 1220 2596 ὑπέρτε-

117 2631 168 2693 ρον
202 2613 312 2689 remae
347 2611 557 2688 nonencorte
608 2613 691 2700 φησί
720 2606 783 2696 γὰρ
815 2612 893 2698 πρὸς
926 2611 982 2678 τὸν
1004 2619 1145 2696 γενναῖον
1166 2611 1242 2676 ιιαίΙ

483 2909 487 2933 λ

116 2941 234 2994 omnibus
254 2940 301 3010 qoi
321 2941 451 2994 accedant
475 2941 606 3010 praebere
629 2941 744 2995 salutem
768 2941 872 2994 animae
899 2948 926 2992 et
951 2948 982 2993 nt
1007 2942 1101 3008 paucis
1119 2941 1215 3007 dicam,

115 3008 301 3066 liberationem
321 3029 339 3065 a
356 3012 567 3067 malisomnibns
587 3014 747 3084 inglorium
765 3013 809 3069 dei
824 3012 967 3065 salvatoris
985 3013 1072 3064 nostri
1085 3011 1214 3068 christi.”

115 3079 178 3135 baec
197 3085 283 3153 igitur
299 3085 336 3138 de
348 3083 480 3137 Theodori
497 3086 630 3153 sapientia
646 3080 673 3136 e't
691 3083 826 3136 miraculis
840 3081 867 3138 S.
880 3082 1073 3149 metaphrastes
1091 3091 1215 3152 tanquam
1329 3113 1334 3125 =

114 3155 159 3206 sub
178 3156 298 3224 imagine
324 3164 354 3208 nt
370 3156 462 3208 dicunt
488 3165 514 3208 et
532 3155 625 3208 umbra
649 3157 683 3208 iis
708 3157 754 3226 qui
779 3163 868 3207 mente
893 3155 965 3221 capti
993 3163 1054 3205 sunt
1073 3155 1215 3206 veritatem

112 3226 247 3279 revelans.
290 3225 353 3278 item
382 3226 560 3294 Theophanes
583 3243 707 3296 magnum
733 3225 801 3280 illud
827 3225 918 3278 lumen
943 3225 1076 3277 ecclesiae
1102 3227 1147 3293 qni
1166 3241 1215 3293 per

112 3309 214 3350 ornnem
235 3299 294 3351 iere
313 3307 429 3350 aetatem
451 3301 524 3352 viros
543 3307 650 3352 sanctos
674 3306 805 3368 quotquot
827 3306 889 3350 ante
909 3299 995 3364 ipsum
1022 3298 1105 3348 adeo
1126 3297 1214 3348 bono.

110 3370 159 3420 rati
179 3369 289 3422 iabores
314 3371 447 3422 asceticos
476 3379 502 3422 et
528 3372 655 3438 martyria
674 3371 797 3439 perpessi
816 3376 899 3433 erant,
925 3369 1037 3420 canticis
1057 3369 1112 3419 ruis
1133 3384 1214 3434 prae.

111 3438 266 3492 clarissimis
302 3439 452 3494 celebravit
482 3443 593 3510 egregie
623 3450 649 3495 et
678 3443 796 3509 optime,
828 3441 926 3509 quique
951 3439 1090 3492 Theodoro
1121 3447 1213 3491 sancto

109 3513 218 3578 martyri
234 3519 266 3563 et
284 3513 481 3580 sapientissimo
502 3515 610 3566 divinae
635 3515 770 3565 ecciesiae
795 3513 964 3580 praeceptori
988 3520 1112 3579 tanquam
1131 3512 1214 3562 irater

110 3596 166 3632 cum
186 3584 276 3634 animo
304 3591 331 3635 et
351 3598 464 3651 corpore
491 3594 518 3637 et
542 3593 631 3638 mente
662 3592 689 3637 et
715 3584 871 3637 fortitudine
904 3583 931 3634 in
958 3583 1103 3634 certamine
1122 3583 1214 3634 aderat

108 3653 208 3721 ubique
227 3662 254 3704 et
273 3670 332 3706 curn
352 3671 384 3706 eo
405 3671 498 3722 passus
517 3664 576 3720 eet;
604 3673 684 3726 quum
705 3663 767 3722 post
785 3655 907 3721 martyris
934 3653 1013 3706 buius
1031 3661 1142 3704 mortem
1161 3653 1213 3704 tri-

106 3726 248 3776 stissimam
265 3725 340 3778 tolno
358 3727 386 3776 in
405 3727 461 3778 vitu
479 3725 589 3779 relictus
604 3735 675 3780 earet
693 3728 799 3796 iamque
816 3725 1050 3776 iconomachorum
1069 3725 1144 3777 furor
1162 3723 1212 3776 de-

108 3791 254 3848 ferbuisset
281 3805 308 3849 ολ
332 3811 380 3864 pro
408 3798 452 3848 dei
479 3797 611 3850 beneflcio
631 3806 782 3852 sanctorum
810 3796 947 3856 laboribus
967 3797 1110 3863 depressus
1130 3801 1212 3858 esset,

108 3863 306 3934 huncquoque
327 3867 493 3920 Theodorum
514 3869 654 3922 exornarit
674 3871 786 3921 canticis
810 3867 865 3920 suis
892 3876 917 3919 et
934 3869 1034 3919 cecinit
1051 3867 1212 3934 descripsit.

103 3947 159 4002 ‘qne
182 3953 215 3988 ea
243 3954 313 4006 quae
338 3939 424 3990 oculis
449 3940 508 4008 ipso
537 3940 641 3992 viderat
664 3941 814 4009 quibusque
838 3940 897 4006 ipse
926 3939 1045 3992 laborum
1073 3939 1163 3992 socios
1185 3945 1212 3988 et

107 4015 207 4074 martyr
225 4009 393 4062 interfuerat.

208 4095 260 4149 Sed
280 4111 315 4148 ex
334 4097 375 4148 bis
394 4113 479 4164 pauca
497 4113 566 4166 quae
584 4096 746 4164 pulcerrima
763 4105 825 4152 sunt
843 4113 914 4150 nuuc
932 4079 1066 4166 proferam
1085 4106 1114 4150 ut
1132 4097 1210 4152 nobis

109 4165 268 4220 documento
296 4168 350 4220 rint
377 4175 404 4222 et
421 4169 591 4223 insolentiam
611 4184 672 4240 -qua
690 4169 771 4221 hodie
788 4172 816 4222 in
835 4177 953 4224 sanctum
974 4172 1061 4222 virum
1081 4170 1210 4222 adversa-

107 4237 163 4291 rias
179 4239 233 4292 iate
254 4241 379 4294 invectus
406 4248 448 4296 est
473 4242 628 4310 reprimant.
675 4242 715 4294 sic
737 4242 807 4296 eninr
825 4242 859 4294 de
882 4243 1052 4312 magnanimo
1071 4248 1099 4294 at
1110 4249 1210 4305 saneto
