2992 4918
271 383 321 459 28
579 387 802 454 Nicaeuoat
835 389 1064 464 annuum

230 611 233 618 ,
273 551 397 633 τίποβόις
430 553 486 634 τῆς
508 547 586 626 νεῶς
608 546 827 632 ἐντετυχήκειν
850 544 1050 635 αόθημερόν·
1098 552 1138 614 ον’
1156 550 1216 635 γδιρ
1242 554 1372 635 πλησιόν

273 654 342 717 ἐκεῖ
360 674 421 714 που
442 649 502 736 τήν
523 647 644 733 οἴκησιν
668 644 770 733 εἶχεν,
794 654 873 715 ἀλλὰ
898 653 987 716 δυοῖν
1010 648 1146 735 η’μέρμιν
1166 654 1226 714 τού
1248 655 1373 732 λιμένος

274 754 457 836 ἐπέχουσαν
478 753 524 827 είς
553 745 587 815 όν
608 748 698 835 ήμεῖς
732 756 901 844 τηνικαῦτα
933 753 1221 832 ἐσεπεπλεύκειμεν.
1260 753 1372 816 Ῥοδού

272 852 411 937 μὲνγὰρ
434 857 553 938 ἐκείνης
576 856 633 936 τής
656 855 753 936 νήσου
772 857 890 936 μείζων
912 852 995 920 ἐστίν
1019 853 1038 937 ή
1064 852 1210 937 Κύπρος,
1234 853 1288 917 καί
1307 845 1372 932 dua

275 952 395 1019 συίιατ’
416 955 536 1039 ἐκείνην
567 955 635 1018 ἀλλ’
667 952 820 1040 ἐπιμήκης
841 953 875 1021 τό
897 959 1027 1038 οχήμα·
1081 953 1200 1034 μεταξύ
1224 957 1254 1018 δ’
1274 953 1396 1036 αύτής5

275 1043 348 1139 όρος
367 1051 501 1138 ἑστήκει,
522 1055 578 1141 τήν
598 1053 741 1141 κορυφήν
765 1059 797 1130 ἐς
813 1050 897 1139 όψος
912 1055 1027 1139 α’νόγον
1039 1056 1175 1138 μακρόν.
1210 1048 1371 1135 Ὄλυμπος

274 1164 413 1221 καλεῖται
443 1154 477 1220 τό
501 1149 592 1242 όρσς,
629 1160 661 1235 ἐξ
690 1147 727 1221 οὗ
760 1160 815 1222 καί
849 1157 948 1243 πηγαί
974 1158 1124 1236 ποταμῶν
1156 1153 1373 1236 α’πσβλύζουσι

275 1265 367 1340 τρεῖς,
387 1248 432 1322 ῶν
456 1256 472 1320 ό
502 1261 620 1338 μείζων
639 1256 830 1350 καλούμενος
853 1259 1004 1333 Λόπιθσς
1026 1259 1147 1322 κάτεισι
1181 1262 1303 1337 τέμνων
1326 1259 1377 1319 καί

275 1361 450 1442 περιρρέων
472 1358 530 1443 τήν
553 1365 744 1426 Λευκωσίαν
778 1360 896 1426 ούτωσί
930 1365 1127 1443 καλουμένην
1155 1357 1289 1442 χιόραν,
1324 1356 1377 1422 καί

275 1455 449 1524 α’πσπεύων
475 1457 508 1524 τό
546 1459 676 1546 ῥεῖθρον
709 1460 796 1544 παρύ
820 1459 878 1543 τήν
909 1462 941 1537 ἐς
967 1453 1082 1544 όριιτον
1107 1464 1288 1541 βλέπουσαν
1309 1456 1413 1526 dcl-td

275 1565 409 1624 λαοσαν.
459 1560 576 1625 τούτου
606 1560 693 1644 παρὰ
723 1557 782 1635 τοὶς
810 1557 913 1644 ὄχθας
944 1558 1056 1643 ἐτυχεν
1080 1556 1162 1642 ἔχων
1183 1561 1301 1635 ἐκεῖνος
1322 1560 1376 1641 τήν
1467 1562 1468 1600 l

276 1660 409 1744 οἴκησιν,
430 1657 480 1724 διό
501 1663 556 1724 καί
570 1664 725 1746 Λαπίθης
748 1658 782 1725 ἐκ
799 1686 833 1745 γε
852 1663 910 1726 τοῦ
931 1645 1075 1743 ποταμοῦ
1097 1665 1152 1725 καί
1173 1660 1269 1736 αύτός
1291 1655 1376 1734 όπως

276 1762 351 1824 ποτέ
372 1753 634 1845 ιιαρωνόμασται.
685 1768 775 1848 γνοιή
807 1765 835 1827 δ’
861 1754 900 1827 όν
919 1788 966 1838 τις
995 1759 1098 1837 ειίθύς
1119 1761 1178 1825 κόνι
1199 1761 1301 1845 μόνης
1322 1764 1377 1843 τῆς
1470 1748 1472 1837 l

277 1863 487 1946 περιφανείας
520 1885 553 1926 τε
577 1862 631 1927 καί
655 1864 712 1927 τού
744 1865 898 1948 μεγέθους
917 1867 980 1928 τῶν
1012 1865 1117 1927 οἰκιῶν
1138 1864 1193 1925 καί
1213 1857 1376 1926 ἐπαύλεων
1472 1871 1474 1946 ζ

145 1970 164 2027 l.
181 1972 231 2029 101
241 1965 336 2027 λωτοῦ
357 1959 485 2044 όνδρός,
506 1961 562 2026 καί
579 1961 653 2046 πρίν
667 1964 712 2041 είς
736 1955 812 2046 όψιν
835 1964 1041 2045 ἰέναιαύτοό,
1062 1964 1086 2001 ’ί
1104 1961 1147 2047 μή
1170 1966 1233 2027 τῶν
1256 1961 1376 2045 α’γενῶν
1386 1973 1414 2026 15
1474 1996 1475 2016 ι

277 2055 359 2127 εἶναι
379 2067 435 2127 καί
455 2066 517 2128 τῶν
539 2066 663 2128 πολλῶν
682 2065 752 2150 ἕνα,
770 2059 818 2128 ότι
839 2063 883 2149 μή
904 2068 965 2128 τῶν
987 2061 1070 2127 πόνυ
1090 2088 1119 2128 τι
1143 2063 1215 2127 λίαν
1239 2061 1374 2141 ἐνδόξων

277 2166 333 2228 καί
354 2163 486 2245 πρῶτων
507 2167 564 2249 τής
584 2164 704 2248 νήσου·
755 2170 842 2251 γνοίη
864 2168 895 2230 δ’
916 2159 955 2231 όν
982 2169 1102 2248 μᾶλλον
1124 2168 1159 2230 ἐκ
1179 2170 1237 2228 τοό
1257 2165 1377 2248 τρόπου

278 2270 333 2331 καί
354 2269 408 2349 τής
433 2258 529 2352 όλλης
554 2269 611 2331 τού
637 2271 712 2349 βίου
734 2267 926 2351 σεμνότητος.
980 2260 1091 2350 ἑορταί
1119 2266 1179 2351 γόρ
1201 2267 1257 2328 καί
1277 2289 1378 2348 πανη-
1479 2308 1480 2328 1

278 2365 386 2450 γύρεις
416 2363 503 2452 ἱεραί
520 2367 576 2451 τήν
606 2369 708 2433 σιίιίαν
729 2365 848 2453 ἐκείνην
870 2370 1041 2450 ἐκόσμουν,
1071 2368 1125 2432 καί
1143 2367 1293 2452 χορηγίαι
1318 2369 1378 2430 τῶν

279 2469 438 2549 δεομένων
472 2469 628 2551 δαψιλεῖς.
683 2471 745 2533 τῶν
767 2491 803 2551 γε
835 2468 898 2553 μήν
926 2467 1028 2552 συχναὶ
1057 2473 1294 2553 περιαγομένων
1318 2463 1417 2530 betto

280 2572 482 2652 Χριστιανῶν
513 2571 725 2654 αἰχμαλώτων
752 2575 903 2654 μεγίστην
925 2573 1058 2636 ἐποιεῖτο
1078 2568 1296 2653 προμήθειαν,
1318 2567 1379 2631 αό-

279 2668 333 2744 τός
353 2693 386 2734 τε
416 2675 565 2756 παρέχων
592 2674 745 2759 α’φθόνως
771 2671 808 2738 τό
826 2675 937 2755 μείζω
958 2677 1014 2738 καί
1038 2670 1211 2755 τελειότερα
1232 2673 1288 2754 τῆς
1303 2667 1379 2734 τού-

278 2772 567 2881 των.ἐλευθερίας,
586 2775 641 2841 καί
664 2771 732 2858 δι’μα
763 2774 838 2853 τούς
861 2770 977 2850 ἄλλους
1006 2773 1146 2858 ότρόνων
1170 2775 1379 2847 διδασκαλίας
1406 2818 1408 2822 -

282 3065 388 3134 quidam
408 3081 423 3116 e
442 3067 506 3119 nari
528 3081 653 3134 egressus
670 3080 725 3119 non
744 3068 831 3120 stetim
852 3066 944 3118 eodem
962 3065 1007 3116 die
1026 3064 1173 3116 convenire
1192 3064 1278 3130 potui.
1323 3076 1376 3116 non

284 3137 352 3189 enim
372 3138 400 3187 in
418 3138 570 3205 propinquo
589 3137 702 3190 habebat
721 3139 820 3202 sedem,
840 3138 887 3188 sed
914 3137 1025 3188 duorum
1043 3137 1145 3188 dierum
1170 3136 1222 3186 iter
1247 3136 1378 3187 intererat

283 3210 353 3260 inter
372 3217 520 3276 eamatque
538 3216 653 3274 portum,
673 3211 700 3262 iu
719 3211 797 3279 quem
818 3217 870 3260 tum
891 3209 1059 3260 incurrimus.
1080 3207 1182 3274 cyprus
1204 3207 1273 3257 enim
1291 3207 1376 3257 maior

286 3286 327 3330 est
345 3276 433 3328 insula
452 3277 547 3331 libodo
565 3295 654 3348 neque
674 3282 776 3343 eudem,
795 3293 846 3346 qua
865 3279 914 3331 illa
935 3280 1026 3344 forma,
1047 3279 1095 3330 sed
1115 3276 1242 3346 oblonga.
1280 3279 1377 3328 inme-

284 3351 327 3401 dia
344 3356 432 3400 autem
453 3349 540 3402 insula
557 3365 632 3404 mons
652 3360 701 3417 est,
724 3353 769 3420 qui
789 3352 894 3403 eulmen
914 3352 946 3402 ad
964 3366 1084 3420 magnam
1106 3349 1271 3401 altitudinem
1291 3347 1376 3400 effert.

284 3421 413 3487 olympus
434 3421 585 3488 appellatur
605 3438 638 3474 ex
653 3425 745 3492 'eoque
764 3425 842 3475 trium
863 3424 1003 3475 fluviorum
1023 3423 1111 3474 iontes
1129 3420 1282 3488 profluunt,
1310 3434 1379 3490 quo-

283 3507 341 3543 rnm
360 3492 498 3556 maximus,
518 3495 561 3544 cui
580 3494 693 3562 Lapitho
711 3500 808 3546 nomen
830 3503 880 3560 ert,
900 3495 1054 3547 leucosiam
1073 3493 1230 3561 regionem,
1250 3508 1318 3561 quae
1337 3491 1380 3542 di.

286 3564 374 3628 citur,
394 3566 513 3617 secernit
530 3573 609 3635 atque
628 3566 787 3619 circumfluit
805 3567 953 3636 fluctusque
972 3569 1000 3618 in
1018 3581 1106 3630 mare,
1126 3565 1196 3633 quod
1214 3565 1243 3614 in
1262 3571 1380 3630 septem-

284 3636 386 3688 triones
405 3643 518 3702 spectat,
538 3639 642 3690 emittit.
680 3639 712 3690 ud
734 3635 812 3690 huius
832 3638 946 3690 fluminis
970 3639 1042 3703 ripas
1066 3636 1115 3688 ille
1140 3631 1303 3688 domicilium
1330 3634 1380 3685 ba-

285 3708 351 3770 buit,
374 3715 536 3774 quapropter
555 3710 634 3760 etiam
653 3710 845 3779 ipsebapitbes
866 3726 899 3762 ex
917 3708 1024 3760 flumine
1043 3710 1245 3778 cognominatus
1265 3707 1380 3758 videtur.

286 3779 374 3832 statim
393 3792 460 3830 vero
479 3781 539 3847 quis
558 3797 591 3833 ex
610 3781 667 3834 sola
688 3784 780 3848 specie
800 3789 881 3849 utque
899 3781 1081 3849 magnitudine
1101 3779 1281 3832 aedificiorum
1302 3786 1382 3844 utque

287 3849 451 3903 stabulorum
471 3852 549 3903 etiam
570 3861 710 3921 antequam
730 3856 758 3904 in
777 3853 891 3905 hominis
910 3854 993 3920 ipsius
1002 3852 1154 3917 adspectum
1165 3852 1282 3913 venerit,
1302 3846 1382 3899 lacile

286 3929 441 3990 cognoscet.
464 3937 522 3974 eum
541 3939 708 3992 nequaquam
726 3941 804 3976 unum
825 3941 885 3978 esse
905 3939 939 3976 ex
956 3922 1120 3990 ignobilibus
1148 3930 1227 3991 atque
1248 3918 1381 3986 plebeiis,

285 3995 332 4046 sed
354 4007 388 4044 ex
407 3992 562 4046 clarissimis
589 4004 668 4063 atque
686 3997 845 4063 primoribus
872 3994 987 4048 insulae.
1024 3995 1093 4046 idem
1118 3995 1202 4061 magis
1228 3993 1306 4043 etiam
1333 4002 1382 4040 co-

285 4073 399 4134 gnoscet
427 4080 460 4117 ex
482 4066 553 4117 vitae
579 4067 636 4118 eius
658 4066 788 4134 dignitate
805 4076 886 4135 atque
904 4067 1047 4135 gravitate.
1093 4065 1160 4117 festa
1182 4065 1251 4115 enim
1272 4070 1299 4112 et
1316 4060 1383 4114 sacri

285 4143 436 4188 conventus
461 4145 542 4205 atque
565 4152 665 4190 summa
695 4140 722 4190 in
750 4140 845 4206 inopes
878 4136 1025 4190 liberalitas
1056 4134 1128 4188 illam
1153 4137 1257 4188 domum
1282 4137 1383 4184 ornant.

283 4206 493 4262 Christianorum
510 4217 597 4261 autem
643 4211 824 4277 captivorum,
849 4211 894 4279 qui
924 4207 1017 4260 crebro
1042 4209 1079 4260 ibi
1105 4205 1386 4264 circumducebantur,

284 4279 421 4334 maximam
458 4279 572 4336 babebat
591 4297 690 4347 curam,
710 4297 788 4350 quum
808 4289 835 4334 et
853 4284 911 4351 ipsc
930 4281 1041 4347 largiter
1058 4280 1184 4332 maiorem
1204 4273 1387 4346 atquemelio.
