2992 4916
192 372 413 442 nrsroamn
441 373 864 444 omminsnxxxvn.
884 359 1072 447 λΟ-ιλ.
1147 364 1216 446 541

126 532 312 622 ἀπορρήτων
335 535 461 622 όργίων.
512 535 607 602 ἔπειτ’
630 539 752 602 ἐκεῖθεν
784 535 841 602 icis
863 540 896 604 ἓν
916 542 963 624 τῷ
983 538 1070 626 κήπιρ
1094 539 1232 625 ἐνουρει·Ι

31 629 33 634 ’
122 636 300 720 καθήμενος
320 641 362 724 τῇ
381 639 444 703 τῶν
464 642 611 724 πρασιῶν
636 637 718 726 χλόῃ
753 640 809 704 καί
831 639 903 727 πόᾳ,
927 638 1046 724 ὁπόσην
1067 641 1123 704 καί
1147 639 1217 704 οἵαν

123 734 174 798 διά
195 735 231 802 τό
255 735 379 802 οἴκοθεν
401 734 537 823 εὔοσμον
551 749 620 818 ταῖς
635 739 772 826 χότραις
793 740 1008 824 ἐμβάλλουσιν
1031 739 1059 804 οἱ
1080 738 1136 817 τάς
1154 744 1216 806 τῶν

121 837 303 921 ἐδεσμάτων
336 833 552 923 ἓτοιμάζοντες
573 844 614 928 τῇ
635 844 692 907 rosi
714 841 917 927 πατριάρχου
947 841 1088 926 τραπὲζη
1111 865 1214 904 ποικι-

77 936 198 1014 bilae.
242 937 298 1002 καί
318 936 418 1022 ἡμῶν,
443 941 534 1027 φασί,
556 945 613 1025 τῆν
637 942 742 1007 αἰτίαν
762 941 820 1006 τοῦ
835 940 1035 1026 τολμήματος
1057 943 1216 1027 ἐρομένων
1228 957 1282 1009 n

119 1038 173 1102 καί
195 1037 282 1116 άπαξ
304 1041 361 1104 καί
384 1042 441 1117 δίς,
464 1041 556 1106 οὐδὲν
577 1044 696 1118 ἐκεῖνος
717 1041 779 1128 ἔφη
801 1041 911 1106 καινόν
933 1035 1016 1106 εἶναι
1036 1043 1136 1108 τουτί·
1161 1042 1225 1118 καί,

25 1151 27 1156 “
120 1138 181 1224 γάρ
204 1139 260 1204 καί
281 1141 370 1217 κόνες
390 1143 575 1226 ἐνουροῦσιν
592 1143 703 1218 αόταῖς
725 1145 780 1207 καί
792 1146 898 1227 γαλαῖ,
921 1143 977 1207 καί
991 1135 1111 1228 κόπριῖι
1122 1144 1213 1228 ἐπιρ-

121 1243 269 1324 ραίνοοσι
293 1242 381 1322 ζώων
406 1243 528 1329 ἀλόγων
547 1267 581 1308 τε
602 1244 658 1308 καί
680 1242 869 1329 ἀνθρώπων,
892 1245 921 1307 εἰ
939 1243 1030 1324 τόχοι
1051 1267 1128 1307 που·
1159 1245 1214 1309 καί

115 1338 149 1404 τό
171 1344 295 1405 κωλῦον
324 1341 425 1406 οὐδέν.
473 1342 646 1409 καὶταῦτα
678 1344 738 1427 μὲν
770 1343 915 1427 ἐρόμενον
941 1342 1147 1426 ἠκηκόεισαν,
1171 1341 1214 1420 ὦς

78 1449 107 1502 10
116 1441 230 1505 ἐκεῖνοι
254 1444 380 1528 φασίν·Χ
420 1441 440 1505 ἀ
463 1445 498 1508 δὲ
520 1443 637 1521 ἰδόντες
656 1447 732 1530 σιγῇ
752 1444 812 1526 μὲν
833 1445 882 1508 ἐπ’
905 1443 1025 1510 ἐκείνου
1050 1445 1212 1530 παραδόν-

110 1565 163 1621 τες
187 1541 303 1626 ἥκιστα
334 1540 463 1629 ἤροντο,
483 1543 688 1628 πεπεισμένοι
717 1545 789 1608 λίαν
821 1543 935 1608 ἀνόσιά
954 1567 988 1607 τε
1017 1544 1072 1608 καί
1091 1545 1212 1628 βέβηλα

114 1636 197 1706 εἶναι
218 1644 276 1706 καί
298 1639 445 1728 ἄντικρυς
463 1645 647 1727 διαβολικῆς
669 1642 747 1728 ἔργα
764 1644 982 1720 διδασκαλίας,
1003 1651 1070 1719 τοῖς
1090 1647 1119 1708 δ’
1142 1646 1211 1708 ἐπι-

114 1743 246 1819 σκόποις
278 1744 439 1827 ἐμήνυσάν
459 1768 492 1810 τε
523 1745 579 1808 καί
610 1744 864 1822 διεκωδώνισαν,
894 1747 981 1809 ταῦτ’
1012 1740 1134 1831 άρρητα
1152 1745 1211 1827 μὲν

114 1839 244 1926 ἀμεινον
278 1848 422 1908 κεῖσθαι·
474 1844 565 1911 ἴσασι
596 1843 657 1930 γάρ
689 1843 717 1908 οἱ
747 1843 804 1920 τάς
838 1847 1060 1931 τομογραφίας
1089 1846 1211 1921 ἐκείνας

72 1945 101 1997 ¹⁵
113 1943 323 2029 ἀνεγνωκότες
342 1945 398 2010 καί
420 1945 661 2032 ἀποφηνάμενοι
689 1947 917 2010 Μασαλιανεδν
939 1937 1018 2009 εἶναι
1042 1943 1082 2008 τὰ
1103 1945 1209 2011 τοιάδε

109 2045 173 2108 τῶν
205 2048 364 2129 μυσαρῶν
386 2045 663 2130 ἐπιτηδευμάτων,
708 2045 899 2128 μεμνήμεθα
923 2042 984 2130 γάρ
1017 2041 1060 2121 ὥς
1080 2045 1137 2109 καί
1157 2043 1277 2119 inin

107 2141 259 2207 Ἰωάννου
281 2146 337 2206 τοῦ
358 2145 560 2231 πατριάρχου
580 2143 642 2228 πρό
663 2145 740 2207 ἐτεόν
755 2141 845 2228 ἑγγός
869 2145 1091 2208 πεντεκαίδεκα
1111 2143 1235 2227 τόμοςς,
1248 2165 1300 2222 207
1312 2184 1336 2223 ς,

108 2242 188 2329 ἡμῖν
209 2245 242 2321 ἔξ
263 2239 360 2329 όραυς
373 2248 429 2310 τοῦ
444 2243 538 2313 ”Aoo
560 2245 756 2327 κεκόμισται,
776 2250 845 2322 ταῖς
860 2244 986 2309 πάντων
1006 2242 1123 2325 σχεδόν
1143 2247 1206 2310 τεόν

107 2347 180 2408 ἐκεῖ
196 2344 340 2429 λογάδων
366 2344 606 2430 σεσημασμένος
627 2343 848 2431 ἀπογραφαῖς,
869 2345 924 2409 καί
946 2344 1008 2429 πρό
1027 2369 1062 2430 γε
1081 2347 1206 2411 πάντων

66 2446 165 2510 toxos*
185 2442 267 2526 μετά
289 2444 414 2510 πάντων
431 2449 486 2511 τοῦ
507 2449 676 2531 τηνικαῦτα
709 2444 743 2510 τό
765 2454 921 2531 πρωτεῖον
941 2444 1068 2525 ἔχοντος
1085 2445 1204 2525 Ἰσαάκ,

105 2547 163 2610 καί
187 2543 253 2628 ἅμα
285 2549 342 2611 τοῦ
373 2547 650 2633 ἀρχιερατεάοντος
682 2547 739 2611 καί
769 2549 1014 2623 ἐπισκοποῦντας
1037 2548 1106 2610 ἐκεῖ
1123 2546 1205 2630 μετά

104 2651 162 2731 τῆς
191 2649 247 2710 τοῦ
277 2647 453 2731 πνεόματος
483 2649 617 2734 χάριτος
647 2649 738 2714 θείου
772 2647 900 2735 ἀνδρός,
933 2650 1037 2732 δηλῶν
1066 2648 1106 2732 τῇ
1128 2651 1205 2711 καθ’

104 2745 195 2831 ἡμᾶς
217 2745 290 2838 ἱερᾷ
310 2747 432 2836 συνόδῳ
465 2749 584 2826 πάντας
605 2749 743 2825 ἐκείνους
773 2747 926 2831 όνομαστδ
954 2748 1009 2813 καί
1030 2751 1106 2812 καθ’
1127 2747 1203 2814 ἕκα-

105 3068 151 3112 ιοτ
179 3064 238 3122 εει,
265 3064 292 3109 ει
311 3057 497 3124 mysteriorum
525 3057 652 3127 magister
678 3065 705 3110 et
723 3056 843 3110 initiator
870 3071 1026 3110 arcanorum
1057 3056 1202 3125 angiorum.

105 3137 172 3198 post
203 3129 270 3179 baec
292 3137 380 3180 antem
408 3130 429 3180 it
449 3130 480 3180 ad
507 3128 595 3180 locum
620 3129 713 3181 urinae
742 3137 769 3180 et
788 3129 865 3180 sedet
887 3130 915 3182 in
941 3127 1031 3180 barbis
1058 3128 1151 3181 viridis
1177 3136 1204 3181 ει

105 3199 284 3270 graminibus,
304 3199 393 3267 qualia
410 3201 482 3252 dorni
500 3208 609 3267 propter
628 3200 725 3251 bonnm
747 3200 854 3251 odorem
874 3198 937 3252 oiiis
954 3199 1078 3251 iniiciunt
1096 3199 1141 3266 qai
1161 3199 1203 3251 ci.

104 3273 157 3324 bos
174 3272 264 3322 varios
284 3278 377 3337 parant
395 3287 503 3323 mensae
521 3272 696 3338 patriarchae.
733 3271 810 3322 nobis
828 3279 925 3334 autem,
943 3271 1076 3338 inquiunt,
1097 3284 1202 3322 cansam

105 3343 188 3395 huius
207 3343 267 3394 miri
285 3343 325 3393 rei
344 3342 498 3410 rogantibus
518 3343 596 3394 etism
615 3351 695 3410 atque
715 3343 803 3407 etism,
822 3356 886 3405 non,
904 3342 1042 3408 respondit
1061 3339 1119 3405 iile,
1142 3357 1202 3394 esse

105 3416 133 3466 id
154 3421 207 3464 tara
226 3412 381 3465 mirandam.
418 3429 476 3464 nam
497 3421 524 3466 ει
542 3429 622 3465 canes
647 3415 827 3481 comminuere
849 3427 893 3464 eas
921 3420 947 3463 et
965 3411 1034 3464 [εδει
1054 3419 1081 3464 et
1099 3421 1201 3466 stercus

104 3486 145 3537 ibi
166 3484 255 3536 iacere
271 3484 370 3536 bestias
388 3492 416 3536 ot
432 3486 505 3551 ipsos
525 3485 647 3537 homines
665 3486 688 3537 si
707 3485 811 3553 quando
828 3485 986 3537 necessitas.
1010 3499 1100 3553 neqnc
1122 3484 1201 3552 quid.

105 3570 185 3625 quarn
208 3570 254 3606 eos
272 3556 412 3622 impedire.
455 3555 522 3607 baec
551 3558 633 3625 igitur
658 3557 690 3608 ad
718 3565 839 3624 rogatum
863 3563 1024 3622 acceperant
1047 3562 1077 3608 ut
1100 3556 1200 3607 dicant.

104 3627 155 3678 sed
175 3625 227 3677 alia
246 3641 315 3694 quse
340 3627 580 3679 animadverterant
603 3629 676 3680 taciti
705 3636 731 3680 et
755 3627 901 3694 dequibus
930 3642 989 3677 enm
1007 3641 1062 3677 non
1081 3641 1200 3694 rogare.

103 3705 176 3760 rant,
198 3713 276 3764 quum
295 3698 347 3748 sibi
366 3713 520 3764 persuasum
549 3698 680 3751 baberent
704 3700 784 3764 impia
810 3714 842 3749 cs
865 3712 925 3748 esse
949 3704 977 3748 at
999 3699 1154 3750 detestanda
1173 3705 1201 3750 et

103 3767 257 3821 diaboli-cae
277 3769 414 3820 doctrinae
434 3784 525 3835 opera,
545 3784 666 3837 quaeque
695 3769 829 3835 episcopis
851 3765 1001 3818 retulerant
1019 3775 1045 3818 ει
1064 3781 1200 3833 exposue-

102 3848 176 3902 rant,
195 3838 264 3890 baec
282 3839 380 3891 meiius
398 3849 440 3892 cst
456 3841 484 3890 in
503 3842 614 3891 secretis
634 3842 732 3890 iacere.
775 3840 862 3889 sciunt
881 3838 950 3889 enim
969 3839 1013 3905 qni
1032 3839 1132 3905 scripta
1150 3837 1199 3891 ilia

103 3911 233 3978 legerunt
250 3917 277 3960 et
294 3911 442 3981 docucrnnt
461 3911 538 3962 foeda
559 3927 590 3962 ea
610 3926 669 3962 esse
684 3909 885 3964 blasalianoram
905 3909 1032 3960 instituta.
1069 3911 1119 3961 iarn
1139 3925 1198 3962 me.
1292 3915 1298 3924 ·

103 3982 229 4032 minimas
249 3983 376 4048 scriptum
395 3982 444 4034 sub
462 3980 612 4049 patriarcba
631 3982 732 4033 loanne
760 3980 909 4048 quindecim
922 3979 988 4031 iore
1006 3981 1104 4034 abhinc
1122 3982 1198 4032 annis
1261 4023 1265 4030 .

103 4051 182 4103 nobie
202 4068 235 4104 ex
255 4053 325 4106 Atho
350 4061 439 4105 moute
466 4054 573 4116 editum,
592 4053 635 4104 cni
664 4053 721 4104 iere
742 4053 856 4104 oninium
874 4052 912 4103 ibi
933 4051 1085 4119 degentium
1102 4066 1198 4102 mona.

104 4122 215 4175 choram
243 4125 350 4174 nomina
379 4125 527 4190 subscripta
552 4131 622 4187 sunt,
650 4133 676 4175 et
694 4125 764 4175 inter
782 4122 835 4174 alia
854 4123 974 4190 inprimis
998 4124 1082 4176 isaaci
1099 4136 1197 4173 nomen

104 4196 150 4262 qui
171 4211 205 4246 ec
224 4197 284 4261 ipso
305 4202 426 4262 tempore
445 4195 582 4262 plurimam
610 4195 648 4246 ibi
670 4195 823 4262 dignitatem
842 4193 996 4259 obtinebat,
1022 4203 1048 4246 et
1080 4193 1198 4261 patriar.
1272 4218 1278 4237 r

103 4266 171 4326 obse
191 4267 248 4320 eins
267 4264 321 4319 ioci
347 4274 374 4320 ct
401 4268 521 4338 episcopi
540 4267 585 4339 qui
603 4266 645 4322 sir
663 4273 721 4320 erat
746 4264 842 4335 plenus
867 4266 962 4336 spirito
985 4267 1088 4321 divino.
1125 4263 1196 4336 quod
