2880 4910
248 313 322 388 352
557 317 783 388 NiOEPHORi
813 311 1042 383 GREGORAE

247 482 430 566 α’μφοτίρας
454 479 685 564 α’ναλεγόμεόα,
708 484 828 563 κίνησιν
849 479 908 560 μὲν
937 469 991 542 ότε
1016 476 1151 558 ἠρεμίας
1182 465 1341 556 α’πόφασίν
1387 467 1396 488 ’

246 602 280 644 τε
302 582 357 644 καί
378 577 523 646 ἔκστασιν
537 571 648 674 ούσαν,
670 581 807 664 ἠρεμίαν
830 581 860 643 δ’
880 571 923 643 nri
938 571 1091 661 κινήσεως
1111 565 1194 648 εἶδος
1218 568 1272 634 καί
1293 571 1341 633 ἐν·

247 681 417 761 τελέχειαν,
440 679 612 764 όριζουσόν
627 705 659 748 τε
680 684 736 745 καί
747 677 1008 765 περιγρόφουσαν
1025 673 1059 740 τό
1075 675 1246 756 κεχυμένον
1263 671 1341 735 ἐκεί-

247 803 302 862 νης
322 783 376 844 καί
395 774 511 866 ύφιτον
528 784 584 846 καί
603 780 764 864 α’όριστον.
814 784 869 845 καί
897 784 962 844 δεῖν
983 776 1145 859 ἑκατέροις
1165 777 1340 857 κεχρῆσθαι
1415 829 1416 838 ,

209 879 325 944 Βιιατό
348 879 401 946 τόν
422 876 584 968 ἑκατέροις
605 881 802 966 προσήκοντα
824 879 915 964 λόγον
936 880 992 944 καί
1011 879 1138 960 τρόπον.
1182 875 1362 958 γινώσκεινό

246 975 304 1047 ούν
326 1006 363 1048 σε
393 987 499 1066 χρεόν
531 986 574 1060 σός
606 976 708 1047 πολλό
726 1007 761 1067 γε
793 987 923 1048 τοιαῦτα
951 987 1117 1062 παρεῖταί,
1149 979 1228 1059 μήτε
1252 975 1339 1056 λόγον

120 1084 140 1139 f·
152 1084 236 1140 166⁶
245 1083 381 1166 μηδενός
403 1077 476 1176 όξιρ
499 1077 570 1148 όντα
590 1084 670 1167 μήτε
691 1087 811 1165 γέλωτα
836 1086 965 1167 φεύγειν
987 1079 1125 1162 κωμικόν
1170 1073 1337 1157 όννόμενα.

128 1213 140 1241 ν
247 1187 362 1250 αύτίκα
384 1184 445 1269 γύρ
467 1184 543 1266 περί
562 1189 619 1250 τού
640 1187 697 1248 νύν
717 1207 768 1248 σοι
790 1189 992 1268 προτεθέντος
1015 1179 1143 1267 πριότου
1167 1175 1339 1263 ζητήματος

247 1283 263 1348 ό
283 1286 313 1348 Γ
310 1288 446 1370 ρηγορός
471 1281 571 1378 μικρό
594 1309 664 1350 τινα
698 1287 796 1350 εἰπεόν
818 1283 1035 1368 α’πηλλακται,
1056 1279 1202 1366 περιττόν
1225 1272 1341 1364 ἡγησό-

245 1405 338 1463 μενος
359 1377 501 1464 όμαθέσι
525 1383 708 1449 παντάπασι
739 1379 841 1466 λόγοις
865 1385 1048 1468 ἀποκρίσεις
1081 1385 1146 1448 κατ’
1170 1377 1375 1463 ε’πιστημην1θ

247 1481 443 1548 ἀντιδιδόναι
474 1486 598 1568 ζητεῖν·
652 1483 817 1567 μηδὲγὰρ
841 1477 925 1548 εἶναί
954 1465 1032 1569 φησι
1054 1481 1220 1548 κοινωνίαν
1245 1465 1342 1562 μηόε-

247 1586 324 1663 μίαν
345 1579 450 1667 ύόσπερ
474 1577 548 1650 ούτε
578 1590 663 1670 φιοτί
692 1583 768 1668 πρός
789 1585 921 1670 σκότος,
952 1582 1053 1661 ούτιυς
1085 1583 1156 1648 ott’
1190 1579 1340 1666 ἐπιστήμη
1416 1623 1417 1638 t

248 1683 329 1765 πρός
351 1685 505 1766 α’μαθίαν.
561 1683 636 1750 ὅθεν
665 1689 720 1750 καί
742 1685 795 1750 διό
821 1684 876 1770 την
898 1682 1024 1752 τοόόνύε
1049 1684 1104 1750 καί
1127 1678 1228 1759 ούτυος
1252 1681 1342 1764 ἔχον·-
1416 1679 1417 1692 ³

248 1809 308 1848 σαν
329 1775 487 1868 σύγχυσιν
516 1779 585 1850 τύδ’
615 1784 721 1871 ἔμοιγε
749 1773 886 1870 όκριβτός
914 1789 1079 1874 εἰληφέναι
1101 1782 1156 1870 την
1175 1788 1237 1850 τῶν
1259 1785 1342 1865 εἰρη-

247 1889 352 1965 μίντον
374 1889 480 1976 ε’κτίντμ
508 1893 588 1964 τέως
616 1891 669 1952 ε’πί
689 1887 808 1966 τούτοις
827 1889 1008 1975 κατάληψιν
1035 1891 1181 1969 ἐπιμελὲς
1202 1883 1374 1971 braydarum

249 1984 308 2068 σύν
333 1987 360 2049 δ’
382 1980 468 2069 όμυς
488 1990 584 2072 χάριν
606 1991 678 2070 ε’ρυόι
692 1981 891 2054 πότ’ἒκείνου
906 1993 1041 2072 βραχέα,
1062 1991 1117 2053 καί
1139 1982 1197 2052 όσα
1220 1989 1253 2062 ἐς
1276 1981 1342 2050 τόδε

249 2091 419 2170 παρέμεινε
452 2092 490 2177 τῇ
518 2093 643 2178 διανοίην
669 2113 732 2171 μου
774 2090 1019 2175 ότιτοσόηποτούν
1056 2093 1279 2173 ἐπιτρέχοντα,
1309 2083 1341 2148 oti

249 2195 312 2261 τοῖς
333 2189 524 2272 παραλόγοις
547 2187 651 2274 λόγοις
670 2193 727 2256 τού
752 2198 897 2273 Παλαμό
916 2189 972 2276 την
995 2192 1155 2277 α’φηγησιν
1175 2191 1343 2274 χαριζόμε-

251 2309 313 2367 νος,
335 2288 415 2352 ἀλλὰ
438 2280 496 2372 την
516 2288 574 2373 σύν
596 2291 709 2377 φιλίαν
725 2299 836 2356 λυπεῖν
857 2294 897 2356 ου’
913 2291 1116 2375 βουλόμενός.

218 2400 238 2452 t
307 2453 318 2475 ρ
346 2387 383 2453 Ὁ
403 2389 462 2474 γόρ
484 2414 529 2456 τοι
553 2395 584 2456 Γ
582 2397 720 2477 ρηγορός
742 2392 821 2476 πρός
845 2392 919 2468 τούς
952 2397 1019 2459 ἐκεῖ
1038 2395 1209 2479 τηνικυύτα
1231 2389 1374 2474 παρόν-20

254 2514 312 2564 τας
333 2495 504 2576 στραφείς,
527 2494 581 2556 κατ’
610 2496 734 2570 τούτοις
762 2498 922 2579 ἐνερείσας
952 2494 1023 2570 τούς
1049 2492 1260 2581 ὀφθαλμούς,
1278 2484 1342 2572 “α’ρ’

253 2593 311 2654 ούκ
333 2591 474 2674 sitifim?
508 2596 589 2678 φησί
602 2591 681 2660 “και“
707 2595 888 2661 παντάπασι
911 2596 1069 2681 νηπιυόόης
1101 2582 1275 2678 rior‘r'too'y²
1295 2593 1343 2655 τί·
1417 2635 1418 2664 2

254 2689 481 2779 θῦετίρημόνη
504 2695 659 2779 πρότασις
689 2695 767 2782 πρός
797 2699 853 2762 τού
878 2700 1023 2778 Παλαμό
1043 2699 1191 2780 τουτουί,
1225 2695 1267 2770 ὥς
1288 2695 1341 2757 πᾶν
1417 2697 1418 2736 ³

253 2789 288 2857 τό
311 2796 514 2878 συγκείμενον
534 2799 589 2860 καί
604 2796 769 2875 ούσιούδεις
790 2797 951 2885 όιπφορός
972 2795 1048 2882 ἔχον
1071 2796 1228 2863 σύνθετον
1252 2797 1338 2866 ε’στίνς

205 3162 211 3182 ,
256 3113 386 3186 quandam
407 3127 484 3168 omne
503 3111 576 3168 iilius
606 3111 717 3167 eiiusnm
737 3122 764 3166 et
784 3112 940 3166 dissolutum
961 3119 987 3165 et
1007 3128 1060 3165 non
1086 3112 1186 3164 finitum
1207 3107 1339 3164 terminan-

255 3195 307 3238 tem
337 3193 364 3238 et
388 3185 483 3243 tinibus
504 3188 773 3239 circumscribentem.
821 3195 959 3254 utrumque
988 3185 1164 3236 adhibendum
1193 3192 1233 3235 cst
1252 3195 1339 3235 secuu-

255 3261 315 3311 dum
336 3259 472 3326 utriusque
492 3260 623 3310 rationem
641 3267 667 3310 et
685 3259 797 3310 modum.
821 3273 986 3326 cognoscere
999 3257 1081 3326 igitur
1099 3264 1125 3307 te
1140 3263 1255 3322 oportet,
1274 3265 1339 3319 quam

256 3331 339 3381 muita
359 3331 488 3381 eiusmodi
510 3329 605 3381 relicta
624 3332 677 3381 siut
698 3339 742 3382 aut
762 3331 884 3381 oratione
905 3343 959 3380 non
977 3328 1058 3396 digna
1077 3335 1122 3378 aut
1135 3343 1204 3394 quae
1224 3325 1339 3376 comicum

255 3402 338 3451 risum
358 3401 477 3466 eiiugero
502 3415 555 3452 non
580 3403 693 3467 possint.
738 3401 823 3452 statim
850 3402 918 3452 enim
947 3401 979 3452 de
1000 3399 1155 3467 qurestione
1185 3399 1266 3464 prima
1288 3399 1339 3445 ato

145 3465 147 3470 ’
257 3469 371 3538 prolatu,
392 3471 524 3537 Gregoras
542 3473 634 3538 paucis
656 3473 809 3540 quibusdam
827 3473 904 3524 dictis
920 3469 1022 3523 abstitit
1042 3467 1203 3536 superfluum
1225 3467 1339 3522 arbitrans

256 3541 372 3591 indoctis
394 3543 501 3593 omnino
521 3543 685 3594 sermonibus
705 3559 719 3594 e
739 3544 860 3594 doctrina
886 3544 1050 3610 respondere
1071 3540 1153 3592 velle.
1202 3557 1251 3591 nec
1272 3537 1338 3595 cuim,

258 3613 354 3680 inquit,
374 3620 403 3664 ut
422 3614 491 3663 inter
510 3613 600 3664 lumen
621 3623 647 3665 ct
666 3613 805 3679 tenebras,
830 3616 867 3666 ita
891 3617 962 3665 inter
989 3613 1134 3665 doctrinam
1160 3619 1187 3662 et
1212 3609 1338 3665 inscitiam,

258 3684 314 3734 utta
334 3685 458 3736 societas.
496 3684 530 3735 ob
553 3684 620 3735 banc
639 3685 725 3754 igitur·
740 3687 778 3741 rei
798 3687 1022 3752 perturbationem
1042 3699 1083 3734 mc
1103 3685 1161 3734 eius
1180 3682 1286 3734 rationis
1300 3691 1339 3726 ετ-

259 3763 410 3823 gumentum
432 3769 486 3806 non
505 3755 586 3821 piano
604 3758 758 3823 percepisse
777 3757 856 3808 vuido
876 3756 965 3808 doleo.
1002 3763 1090 3807 tamen
1112 3771 1144 3805 cx
1160 3755 1194 3806 iis
1216 3768 1280 3821 quae
1298 3746 1339 3797 td-

259 3825 311 3876 buc
330 3828 357 3876 in
376 3828 502 3878 memoria
521 3836 705 3879 remanserunt
729 3827 794 3878 licet
821 3828 972 3896 ubicunque
996 3828 1048 3878 sint
1072 3826 1192 3877 breviter
1216 3817 1338 3876 enarrab⁰2

146 3905 152 3918 ⁸
259 3910 313 3948 non
339 3911 390 3964 quo
416 3899 514 3964 ineptis
539 3899 630 3949 verbis
658 3898 780 3950 Paiamae
808 3900 987 3950 narrationem
1014 3898 1135 3960 foveam,
1166 3911 1255 3948 verum
1281 3885 1339 3959 qnod

257 3969 343 4019 amico
363 3969 556 4036 aegritudinem
576 3971 671 4021 aiierre
690 3969 782 4020 nolim.

360 4065 493 4133 Gregoras
512 4067 544 4118 ad
567 4081 614 4116 eoa
635 4066 679 4132 qui
699 4067 809 4117 aderant
828 4080 974 4118 conversus
1004 4071 1030 4117 et
1050 4062 1144 4116 oculos
1164 4063 1203 4115 eis
1224 4059 1337 4137 intigens,

257 4151 346 4189 nonne
365 4138 455 4201 stulta,
477 4139 572 4205 inquit,
595 4146 621 4188 et
642 4139 748 4188 omnino
769 4138 856 4189 inanis
882 4137 981 4188 bacca
1007 4135 1112 4188 Palama
1139 4135 1209 4186 dicta
1229 4141 1338 4208 propost-

256 4208 320 4264 tio?
358 4223 435 4262 ornae
455 4212 525 4280 quod
544 4211 696 4261 continetur
716 4216 743 4260 ot
762 4208 921 4264 essentiales
948 4211 1093 4264 varietates
1112 4206 1202 4276 babet,
1220 4213 1337 4272 compoti-
