2880 4910
210 291 221 312 ³
283 311 355 388 ato
590 319 814 392 nrcmnoar
849 323 1078 394 cascoaas

278 481 419 565 ysoardo
441 477 517 568 ἡμῖν
539 476 668 549 δύναται
693 489 838 569 γίνεσθαι
863 490 920 553 τοῦ
945 491 1025 552 θεοό
1058 487 1111 553 daal
1134 489 1195 554 τόν
1220 493 1366 577 φαινομέ-

281 608 343 647 νων
366 586 535 649 αὐτοῦκαὶ
566 587 784 671 πεποιημένον
817 592 981 671 ἐνεργειῶν
1000 593 1056 654 κατ’
1075 591 1258 672 δυνάμεων,
1279 596 1364 658 τοῦτο

280 693 345 758 τοῖς
366 685 400 748 ἐκ
422 686 590 772 διαφόρων
622 691 835 770 ἐτυμολογιῶν
856 683 1006 771 ὀνόμασιν
1029 690 1177 774 οἷλλήλοις
1191 689 1366 775 ἡέπισημαι-

280 787 403 867 νόμεθα
427 795 496 861 τοῖς
518 797 689 869 γνωμικαῖς
719 786 751 867 ἐξ
785 787 921 875 α’νόγκης
946 790 1038 875 ἡμῶν
1060 792 1139 855 κατὰ
1163 791 1200 856 τό
1224 793 1365 876 π’νόλογον

278 889 422 969 χρειάις,
453 890 510 952 οόκ
537 887 681 967 α’τόκτως
702 893 756 968 δέ,
780 894 835 954 κατ’
856 890 899 965 οἷς
920 887 1039 980 ἓκόσττρ
1061 890 1098 957 τό
1119 895 1174 976 τῆς
1194 893 1385 976 βοολήσεαςὸ

245 979 252 998 ’
280 985 459 1073 dunelmiam
481 991 636 1074 όροῐντες,
661 991 742 1056 α’λλό
765 1000 830 1071 τοῖς
856 996 918 1057 ταῖν
941 997 1038 1058 θείων
1064 998 1210 1110 πατέρων
1230 989 1365 1111 ἑπόμενοι

213 1097 270 1148 0⁰
280 1084 478 1170 δόγμασιν
457 1115 535 1174 αχρι
556 1097 610 1155 κατ’
631 1095 687 1176 τῆς
708 1091 866 1180 τυχούσης
888 1097 1047 1178 γραμμῆς.
1092 1096 1216 1178 πρῶτον
1235 1097 1293 1173 μὲν
1311 1094 1364 1178 γόρ

281 1188 297 1252 ό
321 1215 424 1275 σωτηρ
448 1189 481 1256 ἐν
502 1193 700 1312 εὐαγγελίοις
721 1183 881 1279 μηδεμιᾶς
911 1204 1124 1280 καταφρονεῖν
1150 1205 1303 1280 παραινεῖ
1320 1219 1366 1258 κε-

279 1296 372 1376 ραίας
393 1296 454 1358 τοῖν
476 1297 509 1360 ἐν
528 1292 696 1377 γρόμμασι
729 1296 827 1360 θείων
844 1297 947 1360 αότοό
969 1293 1222 1379 προσταγμάτων
1247 1301 1301 1361 κατ’
1320 1299 1365 1360 ἐν·

278 1395 395 1457 τολοῖν·
440 1420 484 1459 ιον
504 1396 560 1457 οόκ
583 1388 684 1458 oio’‘
668 1392 837 1478 οπότερον·
872 1390 894 1480 ἢ
924 1393 985 1479 γόρ
1009 1400 1066 1460 οόκ
1088 1392 1224 1479 όκὴκοας
1245 1394 1300 1478 ἔτι,
1320 1395 1396 1460 salto

180 1519 188 1526 ’
276 1497 365 1559 ταῦτ’
386 1493 420 1558 ἐν
441 1496 620 1571 ἐπισκόποις
645 1496 777 1581 (φεύ
739 1521 793 1580 της
810 1496 957 1586 α’τοπιάς)
981 1492 1134 1578 τελῶν,”
1114 1525 1132 1580 η
1156 1496 1294 1573 οἰκούσας
1314 1501 1364 1560 oda

276 1582 434 1682 ᾔσθου.
445 1591 546 1658 ἔπειθ
589 1615 640 1660 aaut
662 1593 760 1671 αότός
794 1597 977 1680 διαβάλλεις
1014 1596 1069 1662 τόν
1099 1599 1174 1664 νοῦν
1216 1599 1363 1713 θεολόγων

276 1697 332 1777 τῆς
356 1698 519 1779 ἐκκλησίας
551 1697 695 1780 α’νόραῖν,
721 1699 739 1760 ό
767 1703 826 1780 μὲν
849 1699 882 1760 ἐν
902 1701 1048 1815 θεολογίρ
1074 1701 1169 1784 μέγας
1202 1701 1232 1763 Γ
1231 1720 1363 1782 ρηγοριο

272 1790 385 1877 “ἧμετ”ς
408 1793 464 1858 δέ’
484 1791 641 1916 ppnm‘bt'
657 1801 820 1882 καὶμέχρι
840 1802 893 1883 τῆς
908 1797 1068 1885 τυχούσης
1083 1793 1247 1884 κεροιάςῆ
1267 1824 1363 1884 γραμ-

275 1899 337 1979 μῆς
358 1899 415 1959 τοό
438 1897 616 1975 πνεύματος
637 1924 693 1982 την
717 1899 880 1984 α’κρίβειαν
903 1902 1050 1981 ἕλκοντες,
1077 1921 1192 1964 οοιιοτε
1217 1901 1394 1980 όεξόμεόαλό

277 1992 330 2081 (ού
351 1995 412 2081 γόρ
437 1990 539 2084 ὅσιον)
566 1999 642 2064 ου’όὲ
666 1999 724 2075 τός
740 2003 911 2083 ἐλαχίστας
933 2003 1061 2085 πράξεις
1083 2001 1151 2089 εἰκῇ
1163 2001 1362 2082 σπουδασθῆ-

242 2091 247 2102 '
275 2122 327 2162 ναι
348 2107 414 2173 τοῖς
434 2099 641 2183 οἷναγρύψαοι
666 2100 721 2165 κατ’
742 2101 839 2184 μέχρι
872 2104 930 2166 τού
952 2099 1106 2185 παρόντος
1124 2103 1230 2190 μνήμῃ
1254 2106 1362 2169 διασα-

274 2202 391 2282 olvat,
419 2198 493 2263 ’ἄλλ’
524 2203 564 2264 ἵν’
585 2199 674 2282 ἡμεῖς
704 2199 837 2284 ἔχωμεν,
863 2189 1075 2286 όπομνὴματα
1097 2207 1152 2266 κατ’
1170 2205 1361 2285 παιδεύματα

275 2301 330 2383 τῆς
350 2303 412 2365 ταῖν
434 2296 553 2382 όμοίοον
581 2301 685 2366 εἴποτε
719 2301 877 2383 συμπέσοι
908 2300 1263 2388 καιρόςόιασκέψεως,
1291 2297 1361 2369 ὥστε

275 2399 311 2465 τό
336 2404 395 2482 μὲν
416 2403 545 2487 φεύγειν
569 2402 608 2468 τοὶ
631 2404 666 2468 δὲ
688 2401 865 2488 αἱρεῖσθαι,
890 2395 954 2468 οἷον
973 2404 1082 2468 κανόσι
1101 2409 1156 2468 καί
1175 2402 1285 2480 τύποις
1306 2410 1392 2479 rotato

206 2505 491 2584 ›Bonpolafloainm
510 2499 656 2584 ἑπόμενοι
679 2505 965 2587 παραόειγμασιν.”
985 2502 1000 2567 ό
1024 2505 1058 2568 δέ
1083 2510 1182 2587 μέγας
1204 2494 1360 2577 Βασιλειος

272 2601 375 2685 “gari''
397 2627 477 2688 φησι
495 2598 570 2668 “rt'r
592 2601 652 2688 πρό
677 2601 991 2689 όφθαλμιόνέχοντα
1019 2606 1130 2696 τόιτοϋ
1153 2609 1299 2689 Χριστοῦ
1319 2607 1360 2668 όν-

205 2694 214 2702 *
279 2699 460 2790 καστόριον,
485 2706 541 2770 κατ’
563 2705 670 2774 stotza
694 2701 766 2780 όσος
788 2704 958 2794 όκόνόονος
971 2707 1102 2792 α’φελεῖν
1122 2731 1153 2771 τι
1174 2697 1196 2814 ᾔ
1219 2711 1360 2793 προσθεῖ-

274 3021 455 3090 significamus
473 3020 624 3076 nominibus
643 3019 729 3072 ductis
749 3036 783 3072 ex
801 3020 914 3072 diversis
933 3019 1114 3071 notationibus
1132 3021 1285 3072 necessario
1302 3033 1357 3086 pro-

219 3122 230 3141 r
274 3103 334 3161 pter
353 3108 427 3144 usum
455 3102 573 3145 nostrum
600 3093 789 3144 sententiarum
819 3093 851 3143 ad
877 3091 1079 3147 similitudinem
1107 3091 1290 3155 formatarnm3
1312 3105 1357 3140 non

274 3172 361 3217 autem
384 3165 442 3216 sinc
461 3163 557 3233 regula
575 3172 603 3215 nt
623 3164 720 3231 cuique
739 3163 862 3215 voluntas
890 3164 1021 3232 suggerit,
1044 3162 1095 3213 hac
1120 3161 1242 3227 iacimus,
1261 3130 1305 3216 se'd
1321 3162 1357 3212 di-

274 3238 397 3288 vinorum
418 3245 520 3301 patrum
540 3237 676 3318 sequimur
694 3235 853 3303 dogmata,
846 3250 924 3286 rmmo
950 3236 1028 3284 etiam
1047 3233 1138 3284 literas
1160 3233 1290 3286 fortuitas
1309 3231 1356 3300 pri-

239 3304 247 3320 ⁹
274 3322 343 3358 mum
364 3307 432 3357 enim
453 3308 622 3368 servatoria
644 3305 795 3374 evangeliis
815 3314 924 3370 monet,
945 3322 979 3357 ne
998 3313 1196 3356 contemnamus
1218 3321 1253 3356 ne
1267 3302 1355 3372 apicem

276 3377 382 3445 quidem
401 3376 511 3428 nllum'
503 3392 635 3428 masuram
656 3385 683 3428 et
701 3377 881 3429 mandatorum
909 3378 966 3428 eius
995 3376 1143 3427 divinornm
1166 3392 1235 3443 quae
1254 3378 1281 3428 in
1298 3373 1353 3428 scri.

274 3455 351 3516 ptura
367 3450 557 3515 reperiuntur:
579 3463 689 3515 qnorum
703 3450 795 3500 nescio
815 3457 910 3512 utrum,
929 3455 974 3498 ant
987 3447 1055 3498 enlm
1074 3461 1127 3498 non
1147 3448 1273 3500 audivisti
1290 3447 1354 3506 baec,

274 3535 333 3571 cunr
353 3520 431 3569 etiam
447 3518 514 3574 haee
534 3519 619 3570 adbuc
641 3526 733 3571 coatr'a
749 3521 901 3587 episcopos,
919 3534 966 3586 pro
978 3519 1102 3585 ineptias,
1125 3533 1199 3586 agas,
1219 3528 1265 3570 aut
1281 3531 1353 3587 quan-

274 3601 351 3660 quam
372 3591 515 3656 audivisti,
541 3605 594 3641 non
614 3590 782 3643 intellexisti.
821 3591 916 3642 deinde
932 3590 1121 3658 theologorum
1146 3590 1279 3674 ecclesiae
1297 3602 1354 3657 quo-

273 3679 331 3714 rum
349 3670 379 3713 tu
397 3661 487 3714 dibeas
507 3661 673 3714 sermonibus
693 3663 839 3715 sententias
858 3677 968 3729 magmas
992 3661 1042 3713 ille
1062 3661 1192 3745 quidem
1185 3679 1212 3714 1n
1232 3659 1354 3726 theologia

275 3734 436 3800 Gregorius:
457 3748 508 3785 nos
526 3741 624 3798 autem,
644 3735 740 3802 inquit,
760 3733 825 3785 licet
846 3735 923 3785 etiam
944 3737 972 3784 in
992 3733 1101 3784 fortuito
1122 3734 1200 3798 apice
1218 3741 1264 3784 aut
1281 3729 1353 3783 literis
1425 3788 1429 3808 Ι

273 3805 383 3871 spiritus
403 3806 600 3856 accurationem
616 3804 783 3869 adhibentes,
801 3819 933 3873 nunqnam
948 3804 1051 3870 capturi
1072 3803 1171 3855 simus:
1193 3801 1353 3872 nequeenim

273 3883 314 3927 est
333 3876 439 3938 iustum,
460 3877 579 3928 minimas
600 3887 707 3945 quoque
728 3893 772 3929 res
791 3885 892 3927 temere
917 3875 1024 3927 tractari
1046 3889 1060 3924 a
1080 3876 1256 3941 scriptoribus
1276 3882 1300 3925 et
1317 3885 1353 3921 ot·

250 3962 325 4015 ·qne
345 3946 377 3997 ad
396 3945 448 3998 boc
467 3956 570 4015 tempus
589 3949 716 3998 memoria
735 3949 856 4012 servari,
876 3947 970 4000 saltem
989 3955 1018 3998 nt
1037 3944 1179 3998 babeamus
1202 3944 1354 3999 recordatio-

272 4034 332 4070 nem
353 4025 380 4068 et
398 4017 592 4070 institutionem
619 4018 820 4072 deliberationis
846 4018 986 4082 similium,
1018 4017 1162 4068 occasione
1189 4019 1266 4081 data,
1285 4016 1354 4066 itaut

274 4089 340 4140 baec
359 4089 501 4156 fugiamus,
520 4089 568 4142 illa
587 4090 768 4156 praeferamus
797 4099 919 4158 tanquam
940 4087 1048 4157 regulas
1074 4095 1102 4138 et
1121 4097 1264 4156 prototypa
1283 4081 1354 4140 secuti

277 4162 433 4229 praeeuntia
460 4161 590 4228 exempla.
636 4177 747 4228 magnus
772 4170 858 4213 autern
877 4159 992 4213 Basilius
1027 4168 1149 4226 oportet,
1178 4160 1280 4229 inquit,
1299 4168 1354 4215 eun,

278 4233 323 4303 qai
344 4239 406 4284 ante
426 4231 521 4304 oculos
541 4232 621 4285 babet
639 4232 738 4288 Christi
756 4235 883 4287 iudicium
897 4248 986 4302 neque
1004 4233 1111 4302 ignorat
1128 4229 1354 4302 quantumperica-
