2910 4896
171 333 665 472 msromsn'numur’msn
683 377 775 438 xxx.
795 356 983 440 do-dh.
1072 367 1144 440 283

74 538 126 617 χοῖς
145 533 218 616 πρὸς
237 503 302 599 :niv
333 537 456 598 πολλῶν
488 536 543 598 καί
571 536 667 610 αὐτὸς
690 536 817 624 ιίνοίης
839 537 939 600 ἐκεῖνο
967 533 1006 621 δή
1030 533 1066 599 τό
1090 535 1146 600 rod
1174 600 1178 605 ,

72 636 222 710 Πλάτωνος
244 637 391 716 σκῶμμα,
415 633 458 709 ὥς
482 634 611 719 α’μαθής
634 633 681 716 εἶ,
707 629 733 700 ai
755 631 882 719 ἑταῖρε,
905 637 960 699 καί
985 636 1046 718 οὐχ
1069 637 1145 724 ἓπη·

71 729 156 820 ήγάρ
176 732 213 798 δν
235 735 305 798 οὐδ’
327 735 425 799 ου’τοῦ
440 759 475 818 γε
496 735 534 820 δή
553 742 725 802 Βασιλείαν
745 741 800 802 τοῦ
819 739 910 802 θείου
934 739 1145 816 παντάπασιν,

71 837 103 910 εἷς
119 834 227 917 ἔοικεν,
257 837 390 920 α’νήνοος
413 839 522 916 μείνας
550 841 587 925 τῇ
608 839 765 925 ἐπιστήμῃ
785 836 865 918 perd
903 843 959 922 τῆς
980 837 1147 918 εὐσεβείας

51 933 138 1002 boitro
159 941 377 1022 προσίτωστες,
403 933 667 1022 δμελητίονιείναι
687 945 830 1020 λέγοντος
852 946 999 1023 ποιηταῖς
1018 938 1073 1000 καί
1092 946 1145 1002 λο-

68 1049 187 1120 ροσοιοῖς
219 1043 276 1102 καί
302 1037 434 1123 ῥήτορσι
469 1037 523 1101 καί
542 1043 638 1102 πᾶσιν
666 1039 850 1119 ἀνθρώποις
880 1034 955 1103 ὅθεν
975 1031 1015 1103 δυ
1036 1042 1146 1120 με’λλοι

68 1138 129 1220 πρὸς
146 1140 199 1223 τήν
221 1141 278 1222 τής
298 1142 408 1221 ψυχῆς
431 1141 612 1219 ἐπιμέλειαν
633 1139 774 1224 ω’φὲλειά
787 1165 833 1216 τις
854 1138 996 1204 ἕπεσθαι.
1040 1133 1145 1220 ὥσπερ

68 1240 113 1320 μὶρ
135 1238 162 1304 οὶ
184 1243 371 1304 δευσοποεοί
396 1239 737 1322 προπαρακευείσσντες
770 1242 957 1323 θεραπείαις
990 1240 1075 1304 τισίν
1096 1232 1147 1302 ὅτι
1156 1241 1176 1298 i.
1193 1239 1243 1298 137
1255 1257 1278 1296 r.

9 1367 10 1370 ’
68 1342 120 1403 ποτ’
137 1334 174 1404 civ
195 1334 277 1430 ᾖτδ
304 1337 471 1420 δεξόμενον
491 1345 549 1424 τήν
569 1340 697 1426 βαφήν,
716 1334 799 1405 οὕτω
829 1342 863 1405 τδ
887 1333 1147 1420 ἄνθος-ἐπάγου-

39 1436 169 1520 idumeis
190 1465 223 1506 τε
256 1442 415 1523 ἁλουργὸν
445 1435 484 1504 ἄν
506 1443 540 1505 τί
564 1466 595 1503 τι
627 1429 731 1525 ἕτερον
758 1437 800 1529 ᾖ,
821 1440 874 1506 τὸν
895 1439 992 1506 adsto
1025 1439 1064 1525 δή
1094 1437 1148 1502 καί

68 1539 143 1623 ήμεῖς
162 1537 289 1624 τρόπον,
311 1542 341 1605 εἰ
358 1545 469 1620 μέλλοι
492 1541 683 1616 εἰνὲτπλυτος
707 1543 782 1624 ήμῑν
804 1543 823 1626 ή
845 1545 901 1607 τοῦ
924 1545 1022 1604 καλοῦ
1042 1565 1148 1623 παρα·

67 1646 157 1720 μένειν
178 1645 266 1726 δόξα,
291 1652 357 1715 τοῖς
387 1640 447 1720 ἔξω
470 1639 507 1726 δή
537 1643 658 1715 τούτοις
686 1649 947 1724 προτελεσθίντες
976 1645 1148 1725 τηνικαῦτα

9 1807 10 1810 ,
70 1747 119 1806 τεᾶν
138 1741 232 1826 ἱερῶν
266 1743 320 1807 καί
344 1742 533 1825 ἀπορρήτων
563 1744 808 1825 ἑπακουσόμεθα
840 1744 1073 1824 παιδευμάτων,
1095 1746 1151 1806 καί

67 1837 121 1908 τίον
139 1849 172 1909 ἐν
192 1841 289 1908 ὕδατι
311 1843 365 1909 τὸν
388 1838 477 1927 ήλιον
499 1845 573 1927 ὁρᾶν
592 1848 797 1930 ἐθισθέντες,
822 1845 921 1919 οδτως
943 1845 1028 1933 adrui
1050 1868 1150 1925 προσ-

39 1948 211 2028 λὸβαλοιῖμεν
241 1953 286 2034 τῷ
319 1945 403 2033 φωτί
424 1943 480 2020 τὰς
502 1938 604 2027 ὄψεις.
648 1949 771 2031 λέγεται
793 1950 848 2028 δέ,
870 1951 970 2032 φησί,
992 1949 1047 2010 καί
1067 1951 1149 2011 Μω-

67 2051 114 2129 σήν
147 2045 343 2114 ἐκεῖνοντὸν
364 2045 466 2131 πάνυ,
500 2039 538 2111 οὗ
565 2051 715 2130 μέγιστόν
743 2052 829 2113 ἐστιν
859 2050 912 2114 ε’πί
931 2049 1030 2137 σοφίᾳ
1060 2046 1146 2128 παρὰ

69 2152 151 2212 πᾶσιν
171 2148 356 2233 α’νθροδποις
373 2143 485 2230 ὄνομα,
504 2159 570 2224 τοῖς
582 2153 770 2231 Αἰγυπτίων
783 2149 973 2232 μαθήμασιν
989 2153 1148 2231 ἐγγυμνα-

67 2247 187 2328 σάμενον
211 2251 268 2334 τήν
293 2249 437 2314 διάνοιαν
461 2245 541 2315 οὕτω
561 2255 748 2336 προσελθεῖν
770 2253 808 2338 τῇ
824 2255 945 2338 θεωρίρ
965 2252 1021 2315 τοῦ
1045 2242 1146 2323 ὄντος·

68 2355 285 2436 παραπλησίως
320 2355 355 2415 δὲ
388 2352 488 2439 τούτῳ
523 2353 582 2416 κείν
615 2363 682 2428 τοῖς
713 2356 796 2416 κάτω
814 2349 1025 2434 χρόνοιςιόν
1046 2347 1148 2436 σοφδν

37 2451 174 2532 induruit
193 2452 248 2517 ἐπί
270 2456 465 2534 Βαβυλῶνος
487 2466 565 2536 φασι
587 2453 644 2537 τήν
669 2456 843 2519 Χαλδαίων
865 2457 984 2539 σοφίαν
1005 2475 1149 2533 καταμα-

66 2550 149 2614 θόντα
171 2553 246 2616 τότε
268 2555 332 2616 ταῖν
351 2557 448 2618 θείων
469 2550 619 2634 ἅψασθαι
644 2551 880 2633 παιδευμάτων.
932 2551 1002 2618 ἐπεί
1029 2555 1106 2633 γοῦν
1127 2545 1216 2615 3⁸²

67 2656 307 2738 πεντεκαιδεκέτη
330 2678 366 2718 σε
397 2660 515 2736 μαθεῖν
538 2659 637 2739 ἑχρήν
669 2659 727 2718 οίκ
751 2654 888 2735 ἔμαθες,
908 2655 982 2720 οδδί
1005 2677 1040 2737 με
1063 2651 1150 2739 φρά-

66 2773 146 2834 τορας
174 2750 304 2840 ἑπτέτης
326 2754 451 2842 ἔφυσας
473 2756 603 2841 nordys
626 2756 681 2822 τόν
702 2761 734 2834 ἐξ
754 2757 895 2839 Ἀττικής
913 2754 1018 2841 ’σοφόν
1039 2756 1149 2828 εἰπεῖν,

70 3081 97 3116 ex
113 3068 199 3120 multis
219 3069 323 3136 etipse
343 3068 434 3120 audias
459 3068 524 3121 iilud
544 3068 662 3121 Platonis
680 3068 844 3134 ludibrium,
872 3081 948 3138 quam
967 3067 1089 3118 indoctus
1111 3082 1149 3132 es,

70 3140 152 3204 amice,
173 3157 262 3209 neque
281 3139 460 3207 intelligendo
478 3157 527 3191 nos
548 3143 708 3210 assequeris.
751 3141 872 3209 proiecto
892 3141 976 3204 enim,
995 3153 1150 3207 quamquam

69 3223 97 3258 ne
114 3211 194 3277 ipsius
214 3213 321 3280 quidem
340 3211 434 3262 Basilii
461 3213 545 3263 divini
565 3215 665 3264 videris
683 3215 790 3264 omnino
819 3211 972 3281 neglexisse
1002 3211 1149 3261 institutio.

69 3294 140 3344 nem,
159 3283 194 3334 ita
220 3283 374 3334 offendebas
401 3283 560 3334 inscientia
588 3293 613 3335 et
639 3287 758 3352 pietate,
786 3287 831 3353 qui
857 3285 961 3352 quidem
985 3281 1152 3333 familiariter

70 3354 181 3403 utendum
201 3369 260 3405 esse
280 3355 346 3405 dicit
370 3355 457 3419 poetis
475 3362 502 3405 ct
531 3356 664 3407 historicis
691 3365 717 3407 et
735 3356 886 3407 rhetoribus
913 3363 939 3406 et
959 3353 1079 3406 omnibus
1100 3353 1151 3403 bo.

70 3422 180 3485 minibus,
203 3427 348 3493 exquibus
368 3427 399 3476 ad
418 3427 497 3476 animi
514 3443 601 3477 curam
622 3429 722 3479 fructus
741 3429 838 3496 aliquis
852 3427 1043 3478 redundaturus
1061 3426 1104 3476 sit.
1124 3432 1152 3475 ut

71 3495 129 3543 enim
150 3496 294 3548 infectores
315 3512 372 3547 cum
395 3507 585 3564 praepararunt
603 3500 713 3550 multum
737 3499 872 3552 tractando
892 3499 935 3562 id,
957 3497 1027 3566 quod
1045 3512 1153 3547 succum

70 3566 184 3632 recipiat,
203 3576 256 3618 tum
277 3569 379 3619 demum
404 3568 520 3619 colorem
541 3571 695 3635 obducunt,
717 3573 776 3621 sire
802 3584 962 3639 purpureum
983 3569 1042 3620 sive
1061 3567 1152 3629 aliani,

71 3636 153 3687 codem
171 3639 251 3706 igitur
271 3642 349 3698 modo
368 3655 417 3691 nos
442 3656 558 3709 quoqne,
583 3644 605 3694 si
624 3642 797 3694 indelebilem
818 3641 896 3692 nobis
916 3639 1028 3708 gloriam
1048 3638 1152 3707 pulchri

70 3721 167 3760 manera
186 3710 327 3775 uolumus,
348 3720 485 3779 postquam
505 3712 575 3778 illis,
598 3729 666 3782 quae
686 3720 854 3777 carcasum,
882 3711 1031 3779 praeparati
1052 3725 1151 3772 sumus,

70 3783 115 3827 tum
133 3780 231 3832 demum
251 3798 352 3834 sacram
380 3790 406 3833 et
432 3791 560 3834 secretam
589 3787 724 3836 audiemus
750 3785 908 3846 doctrinam,
937 3791 963 3834 et
982 3790 1010 3833 ut
1029 3790 1106 3832 antea
1124 3782 1151 3831 in

70 3863 129 3914 aqua
158 3852 239 3904 solem
264 3855 358 3904 videre
387 3854 459 3905 soliti
487 3871 590 3921 sumus,
617 3858 652 3907 ita
678 3859 705 3907 in
730 3855 819 3907 lumen
850 3856 935 3921 ipsum
964 3860 1150 3905 convertemus

71 3919 162 3972 oculos.
200 3925 311 3993 [dicitur
327 3933 423 3989 autem,
441 3927 535 3993 inquit,
555 3925 642 3979 bioscs
662 3943 768 3996 quoque
786 3926 835 3978 ille
854 3925 1054 3988 celeberrimus,
1075 3926 1150 3975 cuius

69 3993 195 4045 maximum
218 4004 259 4047 est
286 4003 396 4062 propter
419 4000 574 4063 sapientiam
594 4000 662 4064 apud
683 3999 802 4049 homines
832 4012 922 4048 omnes
949 4011 1062 4060 nomen,
1092 4010 1150 4046 cum

71 4061 95 4110 in
112 4061 193 4116 literis
211 4068 405 4133 Aegyptiorum
427 4078 541 4119 mentem
561 4085 632 4119 suam
653 4072 836 4133 exercuisset,
858 4077 911 4119 tum
934 4067 1036 4118 demum
1057 4081 1152 4118 accos-

70 4132 132 4182 sisse
152 4137 182 4186 ad
200 4140 322 4188 veritatis
344 4140 497 4190 scientiam:
520 4140 599 4192 simili
618 4143 722 4192 ratione
743 4143 819 4192 etiam
839 4148 933 4208 postea
950 4137 1088 4190 Danielem
1108 4152 1153 4190 sa-

75 4204 180 4267 pientem
197 4209 288 4259 dicunt
307 4208 446 4278 Babylone
465 4211 657 4264 Chaldaeorum
676 4214 831 4278 sapientiam
858 4212 978 4262 edoctum
1003 4225 1089 4261 rerum
1111 4208 1154 4281 di-

77 4274 187 4331 risurum
205 4281 353 4337 doctrinam
371 4286 522 4353 tractasse]
562 4284 686 4352 quoniam
706 4297 774 4352 quae
794 4283 943 4354 quindecim
963 4291 1047 4336 aanor
1065 4285 1154 4333 natum
