2992 4918
256 370 304 445 το
553 373 786 446 monmom
814 373 1078 476 osmonte!
1126 426 1129 435 .

257 685 357 762 ror
372 685 543 761 κντυν
561 683 843 762 ponamus
856 681 1114 760 rerumne
1123 678 1381 761 norom.

311 813 356 923 ιι
386 813 468 908 aa
502 815 616 891 νον
645 812 796 888 onae
823 811 993 886 Aaron
1020 809 1305 890 νοωκτιιυν

337 966 339 970 J
664 937 930 1014 ιυκοντκυ.

731 1142 901 1154 ...ι-..αι

351 1279 439 1365 Ἐμοί
467 1285 501 1347 δέ
524 1285 713 1370 προσωτέρω
747 1281 896 1364 προάγειν
923 1281 1105 1368 βουλομένῳ
1137 1283 1224 1348 δυοῖν
1252 1275 1355 1361 ἐνεκα,

257 1379 341 1460 ὅπως
361 1407 394 1449 τε
414 1385 553 1466 μα’θοιμι
576 1387 670 1465 μέχρι
694 1380 794 1448 αδσου
815 1385 870 1465 τῆς
900 1381 1067 1463 α’λλοτριάς
1087 1383 1206 1466 ἐκείνης
1227 1383 1282 1464 γῆς
1304 1384 1358 1444 καί
1366 1396 1383 1448 5

258 1487 299 1549 δι’
322 1476 404 1549 ίσῶν
426 1481 528 1548 ἐθνῶν
551 1485 676 1547 ἐκείνων
700 1481 801 1570 διήκει
824 1481 1002 1563 σωζόμενον
1024 1479 1058 1545 ao*
1085 1483 1287 1565 Χριστιανῶν
1310 1479 1355 1546 ἐτι

256 1593 364 1669 γένος,
398 1587 453 1649 καί
474 1581 558 1658 δντως
586 1585 619 1645 ἐν
639 1585 748 1664 μέσοις
773 1591 836 1660 τοϊς
867 1585 1013 1664 α’σεβίσιν
1045 1581 1091 1648 ἐτι
1127 1579 1187 1646 τῶν
1216 1583 1358 1666 πατρίων

257 1685 363 1770 ἔχεται
388 1683 553 1767 δογμάτων
575 1687 630 1768 τῆς
656 1684 820 1766 εδσεβείας
846 1682 924 1748 κατὰ
948 1681 1003 1747 τὸν
1024 1687 1119 1768 σφίσι
1143 1680 1358 1763 οἷαλοδοτερόν

257 1809 289 1851 τε
311 1785 366 1849 καί
383 1785 597 1868 ἀληθέστερον
620 1787 745 1870 τρόπον,
768 1785 823 1848 καί
839 1778 905 1865 ἅμα
920 1780 1104 1850 θεάσασθαι
1125 1781 1158 1848 εἴ
1168 1787 1200 1849 τί
1217 1806 1279 1846 τιον
1301 1783 1359 1864 τῆς

183 1951 191 1962 ,
258 1885 398 1969 α’ρχαίας
418 1890 534 1968 σοφίας
557 1885 674 1969 ἐκείνης
688 1887 827 1969 περίεστι
849 1887 984 1966 λείψανα
999 1883 1176 1958 Χαλδαίοις
1198 1883 1252 1947 καί
1266 1885 1405 1963 ssep-10

233 1976 342 2064 ’σαις,
366 1982 515 2067 ἐμαοδοδν.
542 1982 571 2049 οἱ
601 1989 661 2050 τῶν
683 1983 906 2069 Ἱερακολιτοδν
935 1987 1114 2069 γεγένηνται
1143 1981 1361 2068 κοσμιώτεροι,

259 2090 333 2151 ἐαεί
348 2091 401 2152 τοί
418 2108 452 2169 γε
470 2089 566 2168 μέχρι
594 2081 648 2150 καί
673 2091 705 2162 ἐς
733 2091 869 2160 ἐκείνους
899 2085 1129 2170 αρσεληλύδειν
1155 2082 1226 2168 ἐγώ,
1249 2086 1363 2147 διακο-

138 2197 159 2254 l.
178 2197 213 2254 99
224 2213 249 2252 a.
259 2191 347 2263 οίους
361 2186 443 2270 ἐμοῦ
455 2191 511 2254 καί
523 2191 546 2226 ¹‘
559 2193 682 2269 χιλίους
699 2179 791 2269 ἐγγύς
806 2210 866 2251 nov
881 2189 1030 2261 σταδίους
1043 2186 1201 2270 θαλάττης
1223 2187 1364 2268 οίαέχον-

258 2314 325 2364 τας.
370 2289 409 2352 οδ
440 2286 501 2372 γάρ
531 2283 629 2351 εὔοδα
659 2285 791 2352 ἔσεσθαι
824 2286 1033 2370 δαισχνοῦντό
1057 2311 1112 2368 μοι
1144 2285 1189 2354 ἔτι
1213 2285 1252 2350 τοὶ
1276 2283 1362 2370 πρό-

259 2396 336 2456 σθεν
362 2387 415 2454 tut
436 2391 470 2456 τὸ
494 2391 555 2456 τῶν
578 2386 831 2473 προσοικούντων
860 2387 1098 2472 οἷλλόγλονσσον·
1143 2388 1181 2453 ον’
1200 2385 1265 2471 μην
1287 2387 1360 2452 οὐδ’
1373 2391 1406 2444 15

258 2493 289 2555 εί
311 2483 408 2556 εὔοδα
432 2485 469 2570 ἦν
492 2493 652 2568 ἐντεῦθεν,
686 2485 783 2572 ἥκιστ’
806 2483 862 2553 οδν
882 2485 967 2568 ὅμως
1001 2493 1241 2571 περιλείπεσθαι
1264 2491 1361 2552 Χαλ-

261 2589 357 2680 δαῖκῇ
376 2616 408 2657 τε
429 2593 469 2682 γῇ
500 2591 555 2656 καί
576 2595 721 2678 Περσικῇ
749 2595 864 2677 σοφίας
891 2584 971 2666 ὅλως
1000 2591 1118 2675 ἐκείνης
1147 2589 1220 2682 ἴχνη
1246 2614 1280 2656 τε
1306 2592 1362 2654 κατ’

259 2699 478 2779 γνωρίσματα.
521 2696 553 2772 ἐξ
575 2689 651 2759 ίίτον
672 2691 734 2779 γάρ
755 2692 791 2758 τὸ
805 2691 964 2758 Σκυθικὸν
984 2696 1177 2778 ἐαιρρτῦσαν
1197 2695 1285 2776 γένος
1305 2689 1364 2756 καί

262 3021 456 3104 EIUSDEM
478 3021 713 3102 Hlsromln'
734 3023 951 3102 ROMANAE
973 3023 1055 3098 LIB.
1069 3022 1124 3100 lV.
1146 3025 1243 3103 SIVE
1268 3021 1363 3104 UNI·

253 3173 256 3182 *
363 3153 533 3226 VERSAE
559 3151 795 3226 lllSTOillriE
812 3151 1038 3229 (ROMANAE
1062 3153 1142 3225 LlB.
1157 3151 1260 3228 XXV.

716 3357 910 3366 m———q

363 3500 449 3564 Quum
468 3499 576 3568 longius
596 3500 722 3569 progredi
734 3499 834 3551 vellem
852 3499 951 3550 duabus
972 3515 1005 3550 ex
1025 3500 1123 3562 causis,
1143 3498 1236 3565 partim
1258 3505 1287 3549 ut
1306 3513 1357 3550 oo.

263 3585 432 3640 gnoscerem,
452 3573 485 3623 ad
504 3587 580 3639 quem
600 3572 678 3622 linem
697 3579 785 3623 terrae
805 3569 878 3622 illius
898 3571 1058 3638 peregrinae
1079 3579 1104 3621 et
1116 3585 1164 3636 per
1182 3585 1247 3638 quas
1266 3577 1363 3638 gentes

263 3642 475 3696 Christianorum
491 3642 575 3693 adhuc
595 3658 679 3712 genus
692 3642 795 3693 salvum
815 3643 1002 3694 extenderetur
1022 3649 1049 3693 et
1067 3640 1199 3709 quomodo
1218 3641 1363 3692 interme.

262 3710 320 3765 dios
339 3713 507 3782 irreligiosos
528 3714 648 3764 homines
676 3715 761 3780 patria
780 3714 841 3765 iidei
865 3715 988 3781 dogmata
1006 3713 1170 3779 simpliciore
1196 3726 1243 3764 sua
1265 3719 1292 3762 et
1310 3727 1363 3763 ve.

262 3785 334 3836 riore
352 3786 457 3836 ratione
474 3785 689 3852 amplecteretur,
710 3787 803 3852 partim
822 3792 850 3835 ut
861 3785 989 3848 viderem,
1007 3799 1069 3834 num
1085 3783 1155 3834 lorte
1174 3782 1273 3834 alicubi
1292 3783 1364 3848 apud

262 3854 410 3908 Chaldaeos
430 3865 455 3907 et
474 3856 568 3909 Persas
593 3859 718 3925 antiquae
735 3856 809 3908 illius
837 3857 984 3922 sapientiae
1009 3863 1144 3906 exstarent
1168 3853 1309 3922 reliquiae,
1330 3853 1364 3905 ab

263 3925 438 3993 Hierapolitis
465 3927 661 3980 honestissimis
682 3928 861 3993 impediebar,
893 3928 925 3978 ad
950 3941 1015 3994 quos
1035 3941 1119 3994 usque
1148 3940 1198 3993 ego
1218 3939 1365 3992 proeesse-

265 4013 321 4048 ram
340 4014 496 4067 quamquam
515 3998 591 4049 mille
615 3999 672 4050 lere
691 3999 812 4050 ducentis
836 3999 927 4050 stadiis
948 3999 1048 4049 amari
1070 3997 1223 4049 disiunctos.
1246 3996 1272 4047 hi
1293 3997 1365 4048 enim

266 4069 344 4122 locos
364 4071 442 4129 etiam
462 4071 665 4138 longinquiores
685 4070 718 4121 ob
735 4070 879 4121 incolarum
898 4070 1067 4136 peregrinam
1086 4068 1204 4136 linguam
1220 4081 1273 4118 non
1287 4082 1365 4119 conr-

266 4140 345 4192 mode
364 4141 430 4192 adiri
450 4157 529 4208 posse
550 4141 729 4204 affirmabant3
759 4143 823 4209 quin
849 4142 927 4192 etiam
948 4142 970 4192 si
996 4140 1076 4192 facile
1097 4139 1163 4191 adiri
1181 4147 1301 4205 possent,
1320 4146 1366 4190 ota

266 4220 357 4264 tamen
374 4227 540 4281 nequaquam
561 4214 629 4280 apud
651 4213 800 4266 Chaldaeos
823 4220 849 4264 et
869 4210 962 4264 Persas
984 4211 1059 4263 illius
1085 4211 1233 4279 sapientiae
1248 4211 1366 4280 vestigia

267 4291 350 4354 atque
370 4285 469 4336 indicia
488 4301 639 4353 superesse.
677 4300 729 4354 quo
750 4285 820 4336 enim
839 4299 872 4334 ex
887 4289 1008 4350 tempore
1027 4298 1094 4352 gens
1113 4281 1238 4350 Scythica
1258 4297 1292 4334 ex
1301 4282 1366 4334 lon.
