2952 4902
276 347 499 422 πεπότικε
527 353 787 422 erasmiana
803 353 925 420 τινα
946 334 986 424 λ.
999 339 1037 422 5.
1141 351 1211 427 ιον

124 515 154 578 εἰ
169 521 230 588 τοίς
253 516 445 589 δεσποτικαῖς
474 511 495 578 ό
519 517 603 598 δρῦν
631 512 827 602 ἠκολούθησε
857 511 1005 599 δόγμασι.
1061 523 1213 582 δεσπόται

124 617 149 677 δ’
169 606 207 678 όν
225 607 287 679 sica
306 613 468 699 ἡγεμόνιον
495 619 556 698 μὲν
588 620 643 682 κατ’
665 617 832 698 δρχόντυν
861 615 953 695 νόμοι
984 617 1041 682 καί
1071 617 1214 698 στόθριαι

122 715 263 797 κανόνων,
284 713 432 800 ῦπηυόιον
455 719 490 782 δὲ
512 719 568 782 καί
581 719 806 802 συρφετώδους
827 713 969 803 πλήθους
992 717 1141 802 ἡγεμόνες
1162 716 1217 782 κατ’

123 810 286 899 όρχοντες,
319 816 363 893 τός
389 819 423 880 έν
445 822 543 900 πηγῆς
575 821 638 883 τιόν
663 819 769 899 νόμιον
790 817 876 902 ἔχειν
896 817 933 885 τό
966 824 1082 904 κρίνειν
1109 820 1215 901 σ’ρθιῦς

100 917 304 1002 ςδφειλοντες.
350 915 450 981 πολλὰ
471 919 529 997 μὲν
552 908 610 982 οῦν
624 921 686 983 τοόν
708 922 879 1001 δρωμένων
910 920 983 984 καθ’
1005 913 1107 984 ἑαυτοῦ
1130 921 1212 983 θεον·

121 1017 252 1099 ροῦμενα
268 1021 382 1100 λέληθε
404 1021 460 1102 την
479 1020 535 1101 τῆς
555 1024 687 1100 κρίσεως
708 1024 881 1084 κλέπτοντα
897 1021 1037 1100 βάσανον
1056 1023 1113 1084 καί
1132 1018 1212 1104 πρός

120 1119 278 1201 αι’θιρίους
303 1121 455 1204 ἐξαίφνης
487 1116 521 1184 όν
554 1120 611 1184 οῦκ
630 1121 747 1186 εἰδόσιν
774 1121 951 1204 ἀνέδραμεν
971 1113 1108 1202 ῦμνους,
1130 1143 1211 1203 προ-

119 1217 284 1306 σειληφότα
315 1221 350 1285 tt
380 1221 436 1284 καί
463 1217 523 1305 τόν
544 1227 619 1303 μεθ’
647 1213 684 1306 ἧς
705 1225 870 1308 γεγένηται
901 1221 1066 1308 πρόφασιν
1085 1224 1211 1306 μορίαν

120 1320 199 1403 ineis
221 1317 390 1386 ῦπεῦθυνα
416 1323 649 1408 ἀποπέφανται.
691 1321 773 1386 atta
797 1324 986 1405 προσθετέον
1007 1345 1064 1404 μοι
1083 1323 1213 1389 τουτουί

86 1424 167 1495 torosi
185 1424 275 1486 θείου
298 1422 415 1506 α’νδρός
434 1421 490 1488 καί
507 1421 543 1487 τό
569 1419 693 1500 τούτοις
716 1422 890 1488 α’κόλουθα.
920 1419 974 1488 “at‘
995 1422 1125 1508 ποιεῖς’,
1145 1449 1211 1510 φη-

118 1527 171 1604 σίν,
186 1517 379 1606 “ῦνθριαπε;
402 1521 570 1610 παρεδόθη
591 1520 697 1606 νόμος,
723 1527 778 1588 καί
790 1526 848 1588 οῦκ
866 1526 1023 1613 ἐπιτιμᾷς,
1043 1525 1120 1590 οῦδὲ
1142 1530 1211 1614 γίνη

118 1624 252 1705 χαλεπός
275 1623 415 1710 τιμωρός
439 1629 502 1691 ταῖν
523 1630 578 1692 τοῦ
603 1627 682 1691 θεοῦ
703 1625 828 1709 νόμιον,
858 1623 938 1690 α’λλό
960 1634 1140 1707 κοινωνεῖςς
1158 1625 1214 1692 καί

120 1728 203 1789 ποίαν
224 1728 337 1812 σχοίης
358 1722 398 1791 όν
418 1723 622 1812 συγγνώμηνς
649 1728 693 1809 μη
713 1725 772 1811 γὰρ
799 1725 908 1802 όθεός
930 1729 1061 1793 ἐνδίκων
1080 1728 1212 1814 χρῄζεις

119 1825 155 1909 μὴ
177 1826 241 1912 γόρ
262 1829 469 1912 βσηθοῦντονν
501 1833 617 1911 θοίναις
648 1832 715 1894 ἀλλ’
752 1829 911 1914 ὑπηρέτην
940 1829 1044 1894 αὐτοῦ
1060 1830 1213 1912 γενέσθαι

88 1946 150 2000 ι5σε
168 1927 330 2010 βούλεται,
354 1932 407 1995 ἳνα
433 1932 602 1998 κάντεῦθεν
624 1931 660 1997 τό
688 1930 854 2018 φιλόδοξον
874 1931 1005 2020 δείξης.”
1043 1930 1100 1997 καί
1117 1929 1134 1996 ό
1153 1935 1216 2012 μέ-

118 2049 170 2109 νας
189 2032 217 2094 δ’
241 2025 361 2111 ὁμοίως
389 2035 487 2118 φησίν
508 2029 701 2107 Ἀθανόσισς
731 2031 772 2108 σός
803 2033 845 2094 ου’
865 2030 960 2114 μόνον
994 2031 1027 2096 τό
1048 2029 1091 2116 με)
1114 2035 1216 2098 θῦσαι

121 2133 241 2211 λίβανον
261 2134 405 2198 δείκνυσι
425 2132 593 2218 μάρτυρος
617 2134 698 2199 α’λλό
721 2137 778 2211 καί
795 2132 831 2197 τό
850 2131 895 2219 μη
918 2131 973 2217 την
995 2135 1100 2200 πίστιν
1115 2127 1214 2215 οἷρνὴ.

120 2238 256 2299 σοσθοι·
286 2236 343 2299 κατ’,
375 2233 437 2319 orig
471 2232 502 2299 oi
524 2239 683 2313 κλίναντες
702 2237 747 2310 εἰς
769 2232 886 2299 εἴδωλα
909 2235 1006 2316 μόνον
1025 2235 1216 2318 κατεκρίθη·

120 2356 170 2396 σον
191 2333 234 2413 τός
257 2333 436 2418 α’λλότριοι,
470 2335 549 2401 atta
572 2333 676 2400 aciei
703 2335 935 2420 προδεδωκότες
965 2338 1024 2419 τὴν
1048 2335 1214 2419 α’ληθειον.

86 2429 261 2518 λθἈβραόμ
283 2433 347 2520 γόρ
372 2433 387 2498 ό
412 2434 612 2522 πατριάρχης
630 2437 688 2500 οῦν
708 2437 892 2522 ἀναιρεθείς
907 2433 1125 2524 ἐστεφανώθη,
1145 2438 1215 2502 αλλ’

121 2527 162 2597 ότι
183 2535 294 2612 πιστός
314 2541 419 2622 γέγονε
441 2542 487 2625 argi
507 2543 589 2627 θεῷ·
632 2537 666 2602 οἵ
684 2563 718 2603 τε
740 2533 830 2603 ῦλλοι
853 2533 938 2623 ῦριοι
957 2543 1089 2623 πατέρες
1113 2537 1168 2604 καί
1186 2535 1216 2604 σῖ

120 2632 320 2726 siccitate,
349 2639 423 2725 περὶ
458 2631 501 2705 ὧν
535 2635 681 2706 ἁπάντων
711 2643 729 2705 o‘
754 2643 889 2717 Παῦλος
920 2643 1017 2726 φησίν
1040 2640 1217 2723 ἐπιλείψειν

185 2827 225 2884 to.
242 2829 452 2901 χρυσοστδμον
470 2829 501 2886 ἐκ
519 2829 566 2897 τῆς
584 2828 737 2904 ἑρμηνείας
759 2828 812 2884 τοῦ
827 2825 858 2900 μ’
876 2803 1004 2903 ψαλμοῦ.
1059 2825 1102 2881 16.
1120 2827 1152 2882 ἐκ
1169 2826 1216 2896 εἰς

184 2899 516 2970 ἐγκυκλίουέτιιοτολῆς.

123 3055 202 3098 rerum
233 3053 350 3101 eventus
368 3047 404 3100 sit
428 3049 548 3102 dominus
568 3050 677 3114 iudicat,
694 3048 741 3102 sed
758 3063 821 3099 num
839 3045 964 3100 voluntas
983 3060 1031 3098 sna
1050 3052 1144 3096 exacta
1167 3045 1212 3097 sit.

125 3111 183 3167 haec
200 3128 289 3172 autem
310 3119 409 3171 domini
429 3119 553 3174 voluntas
575 3121 652 3190 leges
680 3129 707 3173 et
724 3120 844 3172 instituta
870 3127 931 3170 suut
957 3115 1161 3185 imperatoribus
1186 3123 1213 3168 et

124 3189 296 3258 principibus3
316 3190 420 3243 civibus
448 3201 475 3244 et
491 3192 565 3260 plebi
583 3193 759 3259 imperatores
781 3199 807 3242 et
828 3191 972 3258 principes,
992 3191 1030 3241 ita
1047 3194 1077 3240 ut
1095 3189 1140 3256 qui
1158 3201 1212 3240 vo.

126 3261 171 3310 sati
189 3263 241 3314 siut
259 3263 365 3318 iudices
387 3264 460 3315 fonte
480 3272 586 3316 utantur
605 3264 721 3333 legibus.
741 3271 768 3314 et
786 3263 869 3315 multa
887 3263 993 3331 quidem
1012 3267 1075 3313 sunt
1093 3260 1213 3312 facinora

127 3344 186 3396 quae
209 3334 270 3385 dum
292 3349 341 3401 per
359 3351 389 3387 se
413 3343 568 3402 spectentur
597 3336 716 3387 examina
735 3335 850 3386 iudicum
872 3333 953 3386 facile
971 3332 1115 3400 decipiant,
1134 3334 1212 3385 etiam

125 3397 236 3456 lendibus
255 3406 284 3456 iu
305 3407 411 3458 coelum
433 3405 576 3460 efferantur
593 3407 626 3458 ab
644 3407 786 3473 imperitis3
805 3405 965 3473 simulatque
983 3411 1071 3457 autem
1093 3418 1161 3474 quae
1178 3405 1212 3456 iis

126 3474 265 3528 subruerint
284 3479 404 3530 rationes
430 3479 555 3545 cognitae
575 3481 637 3542 sint,
656 3478 731 3531 illico
753 3477 829 3530 mille
846 3477 1074 3528 exsecrationibus
1094 3475 1213 3528 obruan.

127 3549 171 3598 tur.
216 3547 263 3599 sed
289 3558 410 3601 revertar
437 3551 470 3602 ad
489 3550 572 3603 verba
595 3552 648 3603 viri
677 3550 752 3601 iilius
779 3549 948 3601 sanctissimi.
996 3548 1110 3614 „homo,
1129 3549 1212 3612 dicit,

128 3618 181 3682 quid
204 3617 284 3687 agis?
305 3619 381 3689 leges
401 3621 521 3674 violatae
539 3631 608 3676 snut.
654 3629 717 3674 tune
736 3621 817 3673 iudex
839 3621 982 3672 exstiturus
1001 3617 1050 3672 es?
1067 3633 1101 3670 aa
1123 3619 1213 3672 viola.

128 3691 204 3740 torum
233 3692 324 3744 socius
345 3708 422 3761 quam
443 3709 556 3746 severus
581 3693 671 3763 legum
696 3695 843 3744 divinarum
865 3690 937 3743 ultor
957 3707 1017 3744 esse
1035 3689 1133 3742 malis?
1166 3690 1214 3743 sed

128 3772 187 3824 quae
204 3761 252 3814 tihi
272 3765 324 3815 erit
342 3764 443 3817 venia?
485 3765 607 3818 nimirum
626 3763 757 3818 ultoribus
775 3765 840 3816 deus
860 3778 914 3815 nou
937 3771 999 3831 eget
1015 3778 1104 3833 neque
1120 3771 1213 3816 nostro
1277 3786 1287 3814 ι

128 3831 229 3884 auxilio.
274 3835 320 3887 sed
340 3851 415 3888 suum
434 3845 461 3888 te
481 3835 541 3889 vett
561 3853 621 3890 esse
646 3838 810 3900 ministrum,
830 3849 862 3886 eo
881 3842 911 3886 ut
928 3836 1055 3902 pietatem
1082 3832 1212 3887 declares.

129 3903 198 3953 etiam
215 3919 327 3974 magam
344 3907 393 3960 ille
410 3907 571 3962 Athanasius
591 3924 645 3961 uon
666 3923 713 3961 eos
732 3907 884 3974 tautnmqni
902 3913 962 3958 ture
981 3905 1071 3958 iacere
1089 3913 1215 3959 recusent

129 3982 249 4040 martyras
268 3993 327 4031 csse
346 3979 421 4044 dicit,
438 3978 486 4032 sed
507 3981 587 4032 etiam
607 3979 653 4049 qui
670 3981 817 4032 doctrinam
835 3993 908 4030 suam
926 3993 1028 4047 negare
1046 3975 1143 4030 nolint.
1162 3994 1215 4030 ne.

132 4047 212 4108 quoii
230 4054 330 4100 tantum
349 4053 393 4118 qui
402 4049 474 4103 idola
493 4052 594 4104 adorati
615 4059 758 4117 annaeum
776 4048 909 4114 infideles,
928 4049 1064 4101 sedetiam
1083 4050 1129 4118 qui
1148 4065 1214 4119 pro.

130 4111 243 4170 uiderant
261 4120 397 4174 doctrinae
422 4123 572 4176 veritatem.
608 4139 669 4176 nam
693 4121 845 4191 patriarcha
861 4120 975 4175 Abream
999 4135 1055 4174 non
1073 4121 1118 4189 qni
1139 4137 1214 4173 mor.

129 4188 182 4238 tuus
198 4189 233 4241 sit
256 4205 305 4258 pro
332 4193 382 4246 deo
407 4194 454 4248 sed
473 4197 519 4265 qni
539 4194 626 4248 fidelis
646 4193 728 4247 inerit
745 4194 858 4260 palmam
877 4194 991 4261 accepit.
1029 4195 1108 4248 etiam
1126 4194 1213 4248 sancti

129 4267 210 4326 ittae·
228 4263 319 4322 etalii
340 4281 406 4339 qnos
424 4282 517 4327 onnes
537 4266 759 4326 commemorandi
779 4266 817 4325 St.
835 4265 935 4324 Paulus
955 4265 1021 4322 dicit
1038 4273 1141 4336 ιαπρυα
1160 4263 1211 4330 siti
