<?xml version="1.0" encoding="UTF-8"?>
<!DOCTYPE html PUBLIC "-//W3C//DTD XHTML 1.0 Transitional//EN"
    "http://www.w3.org/TR/xhtml1/DTD/xhtml1-transitional.dtd">
<html xmlns="http://www.w3.org/1999/xhtml" xml:lang="en" lang="en">
 <head>
  <title>
</title>
<meta http-equiv="Content-Type" content="text/html;charset=utf-8" />
  <meta name='ocr-system' content='tesseract 3.04.00' />
  <meta name='ocr-capabilities' content='ocr_page ocr_carea ocr_par ocr_line ocrx_word'/>
</head>
<body>
  <div class='ocr_page' id='page_1' title='image "./nicephorigregor07schogoog_0021.png"; bbox 0 0 2992 4918; ppageno 0'>
   <div class='ocr_carea' id='block_1_1' title="bbox 264 351 1121 436">
    <p class='ocr_par' dir='ltr' id='par_1_1' title="bbox 264 351 1121 436">
     <span class='ocr_line' id='line_1_1' title="bbox 264 351 1121 436; baseline -0.009 0"><span class='ocrx_word' id='word_1_1' title='bbox 264 364 289 436; x_wconf 83' lang='lat'>8</span> <span class='ocrx_word' id='word_1_2' title='bbox 563 361 790 430; x_wconf 77' lang='lat' dir='ltr'>urcmuonr</span> <span class='ocrx_word' id='word_1_3' title='bbox 821 359 1053 428; x_wconf 78' lang='lat' dir='ltr'>cnuconnu</span> <span class='ocrx_word' id='word_1_4' title='bbox 1118 351 1121 356; x_wconf 84' lang='lat'>&#39;</span> 
     </span>
    </p>
   </div>
   <div class='ocr_carea' id='block_1_2' title="bbox 223 521 1394 1116">
    <p class='ocr_par' dir='ltr' id='par_1_2' title="bbox 223 521 1394 1116">
     <span class='ocr_line' id='line_1_2' title="bbox 266 521 1364 650; baseline -0.006 -53"><span class='ocrx_word' id='word_1_5' title='bbox 266 530 320 597; x_wconf 86' lang='grc' dir='ltr'>διά</span> <span class='ocrx_word' id='word_1_6' title='bbox 342 527 565 650; x_wconf 74' lang='grc' dir='ltr'><em>γραμμάτων,</em></span> <span class='ocrx_word' id='word_1_7' title='bbox 594 521 641 604; x_wconf 81' lang='grc' dir='ltr'>οἷς</span> <span class='ocrx_word' id='word_1_8' title='bbox 668 525 752 611; x_wconf 77' lang='grc' dir='ltr'><em>ἡμᾶς</em></span> <span class='ocrx_word' id='word_1_9' title='bbox 773 522 828 589; x_wconf 85' lang='grc' dir='ltr'>καί</span> <span class='ocrx_word' id='word_1_10' title='bbox 855 523 1020 608; x_wconf 71' lang='grc' dir='ltr'><em>πόρρωθεν</em></span> <span class='ocrx_word' id='word_1_11' title='bbox 1050 529 1154 612; x_wconf 78' lang='grc' dir='ltr'><em>φιλεῖν</em></span> <span class='ocrx_word' id='word_1_12' title='bbox 1183 526 1364 650; x_wconf 75' lang='grc' dir='ltr'><strong><em>προθυμίας</em></strong></span> 
     </span>
     <span class='ocr_line' id='line_1_3' title="bbox 266 619 1365 724; baseline -0.011 -26"><span class='ocrx_word' id='word_1_13' title='bbox 266 631 456 724; x_wconf 85' lang='grc' dir='ltr'><em>ἐμπάρεομα</em></span> <span class='ocrx_word' id='word_1_14' title='bbox 477 627 587 709; x_wconf 81' lang='grc' dir='ltr'><em>ἔνεστι,</em></span> <span class='ocrx_word' id='word_1_15' title='bbox 610 627 794 706; x_wconf 79' lang='grc' dir='ltr'><em>δεξιοῦσθαι</em></span> <span class='ocrx_word' id='word_1_16' title='bbox 816 622 871 689; x_wconf 83' lang='grc' dir='ltr'><em>τάν</em></span> <span class='ocrx_word' id='word_1_17' title='bbox 894 619 1003 703; x_wconf 79' lang='grc' dir='ltr'><em>ὅμοιον</em></span> <span class='ocrx_word' id='word_1_18' title='bbox 1019 624 1146 710; x_wconf 84' lang='grc' dir='ltr'><em>τρόπον,</em></span> <span class='ocrx_word' id='word_1_19' title='bbox 1169 651 1223 690; x_wconf 84' lang='grc' dir='ltr'>και</span> <span class='ocrx_word' id='word_1_20' title='bbox 1247 625 1365 710; x_wconf 80' lang='grc' dir='ltr'><em>τρίτον,</em></span> 
     </span>
     <span class='ocr_line' id='line_1_4' title="bbox 267 722 1364 850; baseline -0.008 -54"><span class='ocrx_word' id='word_1_21' title='bbox 267 731 370 797; x_wconf 87' lang='grc' dir='ltr'><em>δπάσα</em></span> <span class='ocrx_word' id='word_1_22' title='bbox 395 731 438 818; x_wconf 78' lang='grc' dir='ltr'>τῷ</span> <span class='ocrx_word' id='word_1_23' title='bbox 459 733 514 814; x_wconf 82' lang='grc' dir='ltr'><em>τῆς</em></span> <span class='ocrx_word' id='word_1_24' title='bbox 543 725 684 850; x_wconf 71' lang='grc' dir='ltr'><em>ἱστορίας</em></span> <span class='ocrx_word' id='word_1_25' title='bbox 709 727 860 804; x_wconf 84' lang='grc' dir='ltr'><em>ξοντείνει</em></span> <span class='ocrx_word' id='word_1_26' title='bbox 889 728 1051 807; x_wconf 76' lang='grc' dir='ltr'><strong><em>συλλέγειν</em></strong></span> <span class='ocrx_word' id='word_1_27' title='bbox 1078 728 1208 843; x_wconf 73' lang='lat' dir='ltr'>puoaqi·</span> <span class='ocrx_word' id='word_1_28' title='bbox 1251 722 1364 809; x_wconf 75' lang='grc' dir='ltr'><em>ἥδεται</em></span> 
     </span>
     <span class='ocr_line' id='line_1_5' title="bbox 223 822 1365 952; baseline -0.008 -53"><span class='ocrx_word' id='word_1_29' title='bbox 223 887 229 900; x_wconf 33' lang='grc' dir='ltr'><em>ο</em></span> <span class='ocrx_word' id='word_1_30' title='bbox 265 830 326 952; x_wconf 79' lang='grc' dir='ltr'>γάρ</span> <span class='ocrx_word' id='word_1_31' title='bbox 351 855 417 906; x_wconf 89' lang='grc' dir='ltr'><em>πως</em></span> <span class='ocrx_word' id='word_1_32' title='bbox 439 831 458 914; x_wconf 80' lang='grc' dir='ltr'><em>ἦ</em></span> <span class='ocrx_word' id='word_1_33' title='bbox 482 826 572 914; x_wconf 71' lang='grc' dir='ltr'>ψυχὴ</span> <span class='ocrx_word' id='word_1_34' title='bbox 601 829 655 892; x_wconf 83' lang='grc' dir='ltr'>καί</span> <span class='ocrx_word' id='word_1_35' title='bbox 675 825 872 948; x_wconf 84' lang='grc' dir='ltr'><em>χειραγωγάν</em></span> <span class='ocrx_word' id='word_1_36' title='bbox 900 828 954 890; x_wconf 83' lang='grc' dir='ltr'>ἐπί</span> <span class='ocrx_word' id='word_1_37' title='bbox 980 825 1018 891; x_wconf 85' lang='grc' dir='ltr'>τά</span> <span class='ocrx_word' id='word_1_38' title='bbox 1048 822 1197 893; x_wconf 85' lang='grc' dir='ltr'><em>κάλλιστα</em></span> <span class='ocrx_word' id='word_1_39' title='bbox 1227 830 1290 892; x_wconf 79' lang='grc' dir='ltr'><em>ταῖν</em></span> <span class='ocrx_word' id='word_1_40' title='bbox 1308 829 1365 909; x_wconf 82' lang='grc' dir='ltr'><em>τῆς</em></span> 
     </span>
     <span class='ocr_line' id='line_1_6' title="bbox 265 925 1394 1017; baseline -0.008 -16"><span class='ocrx_word' id='word_1_41' title='bbox 265 930 408 1017; x_wconf 79' lang='grc' dir='ltr'><em>ἱο’τορίας</em></span> <span class='ocrx_word' id='word_1_42' title='bbox 442 927 635 1015; x_wconf 75' lang='grc' dir='ltr'><em>πραγμάτων</em></span> <span class='ocrx_word' id='word_1_43' title='bbox 665 925 829 1008; x_wconf 77' lang='grc' dir='ltr'>ἔξωθενν</span> <span class='ocrx_word' id='word_1_44' title='bbox 809 952 987 1013; x_wconf 83' lang='grc' dir='ltr'><em>εμπραιιτον</em></span> <span class='ocrx_word' id='word_1_45' title='bbox 1025 927 1118 1011; x_wconf 86' lang='grc' dir='ltr'><em>λόγον</em></span> <span class='ocrx_word' id='word_1_46' title='bbox 1146 928 1394 1012; x_wconf 54' lang='lat' dir='ltr'>coaequatam</span> 
     </span>
     <span class='ocr_line' id='line_1_7' title="bbox 266 1024 1367 1116; baseline -0.006 -18"><span class='ocrx_word' id='word_1_47' title='bbox 266 1032 347 1116; x_wconf 82' lang='grc' dir='ltr'><em>πλην</em></span> <span class='ocrx_word' id='word_1_48' title='bbox 368 1035 400 1098; x_wconf 81' lang='grc' dir='ltr'>εἰ</span> <span class='ocrx_word' id='word_1_49' title='bbox 420 1030 463 1115; x_wconf 67' lang='grc' dir='ltr'><em>μὴ</em></span> <span class='ocrx_word' id='word_1_50' title='bbox 484 1028 648 1112; x_wconf 75' lang='grc' dir='ltr'><em>δύσμαχος</em></span> <span class='ocrx_word' id='word_1_51' title='bbox 670 1026 765 1112; x_wconf 86' lang='grc' dir='ltr'><em>κάρον</em></span> <span class='ocrx_word' id='word_1_52' title='bbox 789 1027 874 1104; x_wconf 84' lang='grc' dir='ltr'><em>τινὸς</em></span> <span class='ocrx_word' id='word_1_53' title='bbox 897 1027 997 1092; x_wconf 83' lang='grc' dir='ltr'><em>αάτδν</em></span> <span class='ocrx_word' id='word_1_54' title='bbox 1021 1031 1149 1111; x_wconf 80' lang='grc' dir='ltr'><em>ἐνοχλεῖ</em></span> <span class='ocrx_word' id='word_1_55' title='bbox 1166 1031 1320 1112; x_wconf 82' lang='grc' dir='ltr'><em>τυραννίς,</em></span> <span class='ocrx_word' id='word_1_56' title='bbox 1345 1024 1367 1109; x_wconf 77' lang='grc' dir='ltr'><em>ἢ</em></span> 
     </span>
    </p>
   </div>
   <div class='ocr_carea' id='block_1_3' title="bbox 267 1126 1435 1218">
    <p class='ocr_par' dir='ltr' id='par_1_3' title="bbox 267 1126 1435 1218">
     <span class='ocr_line' id='line_1_8' title="bbox 267 1126 1435 1218; baseline -0.009 -18"><span class='ocrx_word' id='word_1_57' title='bbox 267 1131 506 1201; x_wconf 87' lang='grc' dir='ltr'><em>τάναντιαάτατα</em></span> <span class='ocrx_word' id='word_1_58' title='bbox 536 1135 594 1213; x_wconf 80' lang='grc' dir='ltr'>μίν</span> <span class='ocrx_word' id='word_1_59' title='bbox 614 1155 680 1206; x_wconf 90' lang='grc' dir='ltr'><em>πως</em></span> <span class='ocrx_word' id='word_1_60' title='bbox 704 1128 772 1212; x_wconf 82' lang='grc' dir='ltr'><em>ἔχει</em></span> <span class='ocrx_word' id='word_1_61' title='bbox 794 1132 833 1218; x_wconf 77' lang='grc' dir='ltr'>τῇ</span> <span class='ocrx_word' id='word_1_62' title='bbox 862 1132 925 1194; x_wconf 75' lang='grc' dir='ltr'><em>ταῖν</em></span> <span class='ocrx_word' id='word_1_63' title='bbox 951 1126 1110 1212; x_wconf 76' lang='grc' dir='ltr'><em>Σειρήνων</em></span> <span class='ocrx_word' id='word_1_64' title='bbox 1143 1130 1271 1192; x_wconf 83' lang='grc' dir='ltr'><em>ἐκείνων</em></span> <span class='ocrx_word' id='word_1_65' title='bbox 1289 1127 1368 1215; x_wconf 75' lang='grc' dir='ltr'><em>ᾠδῇ,</em></span> <span class='ocrx_word' id='word_1_66' title='bbox 1431 1203 1435 1207; x_wconf 91' lang='lat'>.</span> 
     </span>
    </p>
   </div>
   <div class='ocr_carea' id='block_1_4' title="bbox 199 1228 1413 1958">
    <p class='ocr_par' dir='ltr' id='par_1_4' title="bbox 199 1228 1413 1921">
     <span class='ocr_line' id='line_1_9' title="bbox 266 1228 1403 1358; baseline -0.008 -59"><span class='ocrx_word' id='word_1_67' title='bbox 266 1231 344 1318; x_wconf 86' lang='grc' dir='ltr'><em>πρὸς</em></span> <span class='ocrx_word' id='word_1_68' title='bbox 374 1236 410 1298; x_wconf 85' lang='grc' dir='ltr'><em>δέ</em></span> <span class='ocrx_word' id='word_1_69' title='bbox 432 1231 489 1358; x_wconf 83' lang='grc' dir='ltr'><em>τη“ν</em></span> <span class='ocrx_word' id='word_1_70' title='bbox 510 1231 623 1313; x_wconf 80' lang='grc' dir='ltr'><em>ὁμοίαν</em></span> <span class='ocrx_word' id='word_1_71' title='bbox 653 1232 752 1322; x_wconf 78' lang='grc' dir='ltr'><em>ἐκείνη</em></span> <span class='ocrx_word' id='word_1_72' title='bbox 780 1233 872 1318; x_wconf 77' lang='grc' dir='ltr'><em>φάρει</em></span> <span class='ocrx_word' id='word_1_73' title='bbox 897 1229 1012 1316; x_wconf 84' lang='grc' dir='ltr'><em>ζημίαν</em></span> <span class='ocrx_word' id='word_1_74' title='bbox 1035 1228 1259 1314; x_wconf 78' lang='grc' dir='ltr'><em>λανθάνουσα,</em></span> <span class='ocrx_word' id='word_1_75' title='bbox 1281 1231 1371 1293; x_wconf 84' lang='grc' dir='ltr'><em>ἐπει·</em></span> <span class='ocrx_word' id='word_1_76' title='bbox 1400 1293 1403 1298; x_wconf 77' lang='grc'><em>,</em></span> 
     </span>
     <span class='ocr_line' id='line_1_10' title="bbox 268 1329 1371 1454; baseline -0.006 -54"><span class='ocrx_word' id='word_1_77' title='bbox 268 1332 414 1419; x_wconf 79' lang='grc' dir='ltr'><em>δὴπερ’</em></span> <span class='ocrx_word' id='word_1_78' title='bbox 399 1333 499 1418; x_wconf 86' lang='grc' dir='ltr'><em>εκείνη</em></span> <span class='ocrx_word' id='word_1_79' title='bbox 526 1335 585 1414; x_wconf 85' lang='grc' dir='ltr'>μὲν</span> <span class='ocrx_word' id='word_1_80' title='bbox 624 1335 662 1422; x_wconf 80' lang='grc' dir='ltr'>τῇ</span> <span class='ocrx_word' id='word_1_81' title='bbox 685 1337 740 1416; x_wconf 78' lang='grc' dir='ltr'><em>τῆς</em></span> <span class='ocrx_word' id='word_1_82' title='bbox 768 1335 935 1413; x_wconf 77' lang='grc' dir='ltr'>ἐμμελοῦς</span> <span class='ocrx_word' id='word_1_83' title='bbox 953 1332 1108 1412; x_wconf 75' lang='grc' dir='ltr'><em>ἁρμονίας</em></span> <span class='ocrx_word' id='word_1_84' title='bbox 1138 1329 1287 1454; x_wconf 75' lang='grc' dir='ltr'><em>ἁβρότητι</em></span> <span class='ocrx_word' id='word_1_85' title='bbox 1310 1353 1371 1393; x_wconf 87' lang='grc' dir='ltr'><em>τια-</em></span> 
     </span>
     <span class='ocr_line' id='line_1_11' title="bbox 266 1425 1413 1559; baseline -0.002 -59"><span class='ocrx_word' id='word_1_86' title='bbox 266 1434 446 1559; x_wconf 81' lang='grc' dir='ltr'><em>τακηλοῦσά</em></span> <span class='ocrx_word' id='word_1_87' title='bbox 465 1457 498 1498; x_wconf 90' lang='grc' dir='ltr'>τε</span> <span class='ocrx_word' id='word_1_88' title='bbox 516 1433 573 1498; x_wconf 86' lang='grc' dir='ltr'>καί</span> <span class='ocrx_word' id='word_1_89' title='bbox 592 1433 786 1517; x_wconf 84' lang='grc' dir='ltr'><em>γοητεάοοσα</em></span> <span class='ocrx_word' id='word_1_90' title='bbox 800 1430 865 1507; x_wconf 90' lang='grc' dir='ltr'><em>τάς</em></span> <span class='ocrx_word' id='word_1_91' title='bbox 887 1429 993 1511; x_wconf 84' lang='grc' dir='ltr'><em>α’κοάς,</em></span> <span class='ocrx_word' id='word_1_92' title='bbox 1014 1425 1196 1512; x_wconf 75' lang='grc' dir='ltr'>δέσμιον,ι</span> <span class='ocrx_word' id='word_1_93' title='bbox 1178 1453 1213 1505; x_wconf 89' lang='grc' dir='ltr'>ος</span> <span class='ocrx_word' id='word_1_94' title='bbox 1228 1433 1276 1505; x_wconf 89' lang='grc' dir='ltr'><em>τίς</em></span> <span class='ocrx_word' id='word_1_95' title='bbox 1299 1434 1371 1495; x_wconf 89' lang='grc' dir='ltr'><em>ποτ’</em></span> <span class='ocrx_word' id='word_1_96' title='bbox 1380 1446 1413 1498; x_wconf 87' lang='grc'>10</span> 
     </span>
     <span class='ocr_line' id='line_1_12' title="bbox 268 1528 1370 1656; baseline -0.006 -56"><span class='ocrx_word' id='word_1_97' title='bbox 268 1533 322 1655; x_wconf 85' lang='lat' dir='ltr'>6p&#39;</span> <span class='ocrx_word' id='word_1_98' title='bbox 343 1528 382 1619; x_wconf 81' lang='grc' dir='ltr'><em>ἦν</em></span> <span class='ocrx_word' id='word_1_99' title='bbox 413 1531 502 1618; x_wconf 77' lang='grc' dir='ltr'><em>ὁτῆς</em></span> <span class='ocrx_word' id='word_1_100' title='bbox 533 1535 652 1621; x_wconf 75' lang='grc' dir='ltr'><em>ῳδῆς’</em></span> <span class='ocrx_word' id='word_1_101' title='bbox 637 1535 755 1617; x_wconf 81' lang='grc' dir='ltr'><em>εκείνης</em></span> <span class='ocrx_word' id='word_1_102' title='bbox 782 1533 1018 1656; x_wconf 78' lang='grc' dir='ltr'><em>κατατροφράν,</em></span> <span class='ocrx_word' id='word_1_103' title='bbox 1050 1532 1129 1614; x_wconf 85' lang='grc' dir='ltr'><em>πρὸς</em></span> <span class='ocrx_word' id='word_1_104' title='bbox 1149 1530 1205 1605; x_wconf 86' lang='grc' dir='ltr'><em>τάς</em></span> <span class='ocrx_word' id='word_1_105' title='bbox 1226 1534 1283 1595; x_wconf 81' lang='grc' dir='ltr'><em>τοῦ</em></span> <span class='ocrx_word' id='word_1_106' title='bbox 1303 1535 1370 1594; x_wconf 75' lang='grc' dir='ltr'>θα·-Ι</span> 
     </span>
     <span class='ocr_line' id='line_1_13' title="bbox 267 1633 1367 1755; baseline -0.004 -55"><span class='ocrx_word' id='word_1_107' title='bbox 267 1637 361 1700; x_wconf 89' lang='grc' dir='ltr'><em>νάτοο</em></span> <span class='ocrx_word' id='word_1_108' title='bbox 383 1633 523 1700; x_wconf 76' lang='grc' dir='ltr'><em>συντίθει</em></span> <span class='ocrx_word' id='word_1_109' title='bbox 544 1633 656 1714; x_wconf 85' lang='grc' dir='ltr'><em>πάλας,</em></span> <span class='ocrx_word' id='word_1_110' title='bbox 677 1636 777 1718; x_wconf 83' lang='grc' dir='ltr'><em>μηδὲν</em></span> <span class='ocrx_word' id='word_1_111' title='bbox 798 1636 961 1715; x_wconf 83' lang='grc' dir='ltr'><em>μάλλον’</em></span> <span class='ocrx_word' id='word_1_112' title='bbox 947 1657 983 1697; x_wconf 84' lang='grc' dir='ltr'>εκ</span> <span class='ocrx_word' id='word_1_113' title='bbox 1004 1637 1060 1697; x_wconf 81' lang='grc' dir='ltr'><em>ιοιῖ</em></span> <span class='ocrx_word' id='word_1_114' title='bbox 1080 1635 1235 1755; x_wconf 79' lang='grc' dir='ltr'><em>μέλους</em></span> <span class='ocrx_word' id='word_1_115' title='bbox 1218 1634 1254 1721; x_wconf 82' lang='grc' dir='ltr'>τῇ</span> <span class='ocrx_word' id='word_1_116' title='bbox 1275 1647 1367 1719; x_wconf 79' lang='grc' dir='ltr'><em>ψοχη</em></span> 
     </span>
     <span class='ocr_line' id='line_1_14' title="bbox 268 1729 1371 1834; baseline -0.002 -34"><span class='ocrx_word' id='word_1_117' title='bbox 268 1736 565 1820; x_wconf 79' lang='grc' dir='ltr'><em>προαατατιθεμίνη</em></span> <span class='ocrx_word' id='word_1_118' title='bbox 586 1729 790 1808; x_wconf 81' lang='grc' dir='ltr'><em>λοσιτελές’</em></span> <span class='ocrx_word' id='word_1_119' title='bbox 770 1761 787 1817; x_wconf 83' lang='grc' dir='ltr'><em>η</em></span> <span class='ocrx_word' id='word_1_120' title='bbox 811 1732 920 1819; x_wconf 75' lang='grc' dir='ltr'><em>βραχύ</em></span> <span class='ocrx_word' id='word_1_121' title='bbox 943 1759 974 1799; x_wconf 84' lang='grc' dir='ltr'>τι</span> <span class='ocrx_word' id='word_1_122' title='bbox 988 1731 1151 1834; x_wconf 79' lang='grc' dir='ltr'><em>νέρδος’</em></span> <span class='ocrx_word' id='word_1_123' title='bbox 1130 1736 1226 1816; x_wconf 81' lang='grc' dir='ltr'><em>ακοῆς</em></span> <span class='ocrx_word' id='word_1_124' title='bbox 1247 1732 1371 1798; x_wconf 84' lang='grc' dir='ltr'><em>άκολά-</em></span> 
     </span>
     <span class='ocr_line' id='line_1_15' title="bbox 199 1819 1370 1958; baseline -0.004 -53"><span class='ocrx_word' id='word_1_125' title='bbox 199 1858 201 1862; x_wconf 83' lang='grc'><strong>’</strong></span> <span class='ocrx_word' id='word_1_126' title='bbox 267 1862 352 1923; x_wconf 79' lang='grc' dir='ltr'><em>στου,</em></span> <span class='ocrx_word' id='word_1_127' title='bbox 375 1839 489 1921; x_wconf 84' lang='grc' dir='ltr'><em>ζημίας</em></span> <span class='ocrx_word' id='word_1_128' title='bbox 519 1839 668 1921; x_wconf 77' lang='grc' dir='ltr'><em>μεγίστης</em></span> <span class='ocrx_word' id='word_1_129' title='bbox 698 1836 860 1921; x_wconf 84' lang='grc' dir='ltr'><em>πρόξενον.</em></span> <span class='ocrx_word' id='word_1_130' title='bbox 914 1833 931 1898; x_wconf 91' lang='lat'>6</span> <span class='ocrx_word' id='word_1_131' title='bbox 961 1819 995 1899; x_wconf 83' lang='grc' dir='ltr'><em>δέ</em></span> <span class='ocrx_word' id='word_1_132' title='bbox 1023 1838 1172 1910; x_wconf 74' lang='grc' dir='ltr'><em>παιδείας</em></span> <span class='ocrx_word' id='word_1_133' title='bbox 1198 1833 1370 1958; x_wconf 82' lang='grc' dir='ltr'><em>ηλικιαάτης</em></span> 
     </span>
    </p>
   </div>
   <div class='ocr_carea' id='block_1_5' title="bbox 250 1933 1487 2431">
    <p class='ocr_par' dir='ltr' id='par_1_5' title="bbox 267 1933 1486 2128">
     <span class='ocr_line' id='line_1_16' title="bbox 268 1933 1486 2024; baseline 0.002 -23"><span class='ocrx_word' id='word_1_134' title='bbox 268 1936 358 2022; x_wconf 80' lang='grc' dir='ltr'><em>λόγος</em></span> <span class='ocrx_word' id='word_1_135' title='bbox 381 1938 503 2024; x_wconf 74' lang='lat' dir='ltr'>adpetet</span> <span class='ocrx_word' id='word_1_136' title='bbox 528 1941 588 2017; x_wconf 81' lang='grc' dir='ltr'>μὲν</span> <span class='ocrx_word' id='word_1_137' title='bbox 612 1933 726 2020; x_wconf 81' lang='grc' dir='ltr'><em>νεαρὸν</em></span> <span class='ocrx_word' id='word_1_138' title='bbox 761 1934 815 1999; x_wconf 83' lang='grc' dir='ltr'>καί</span> <span class='ocrx_word' id='word_1_139' title='bbox 841 1935 979 2017; x_wconf 80' lang='grc' dir='ltr'><em>χλοάζον</em></span> <span class='ocrx_word' id='word_1_140' title='bbox 1009 1935 1108 2000; x_wconf 82' lang='grc' dir='ltr'><em>εἰπεῖν</em></span> <span class='ocrx_word' id='word_1_141' title='bbox 1137 1933 1173 1998; x_wconf 86' lang='grc' dir='ltr'>τά</span> <span class='ocrx_word' id='word_1_142' title='bbox 1205 1938 1368 2019; x_wconf 82' lang='grc' dir='ltr'><em>τπαγωγον</em></span> <span class='ocrx_word' id='word_1_143' title='bbox 1381 1954 1412 2006; x_wconf 83' lang='lat'>15</span> <span class='ocrx_word' id='word_1_144' title='bbox 1485 1937 1486 1966; x_wconf 82' lang='lat'>³</span> 
     </span>
     <span class='ocr_line' id='line_1_17' title="bbox 267 2030 1426 2128; baseline -0.002 -26"><span class='ocrx_word' id='word_1_145' title='bbox 267 2037 510 2125; x_wconf 62' lang='lat' dir='ltr'>naatqpa‘ooq,‘⁴</span> <span class='ocrx_word' id='word_1_146' title='bbox 494 2063 553 2114; x_wconf 86' lang='grc' dir='ltr'><em>εως</em></span> <span class='ocrx_word' id='word_1_147' title='bbox 583 2030 622 2102; x_wconf 75' lang='grc' dir='ltr'><em>ἐν</em></span> <span class='ocrx_word' id='word_1_148' title='bbox 645 2041 700 2103; x_wconf 87' lang='grc' dir='ltr'>καί</span> <span class='ocrx_word' id='word_1_149' title='bbox 729 2035 787 2121; x_wconf 72' lang='grc' dir='ltr'><em>τὴν</em></span> <span class='ocrx_word' id='word_1_150' title='bbox 815 2042 1016 2122; x_wconf 87' lang='grc' dir='ltr'><em>σομμετρίάν</em></span> <span class='ocrx_word' id='word_1_151' title='bbox 1046 2035 1284 2128; x_wconf 80' lang='grc' dir='ltr'><em>πάρεδρονέχη</em></span> <span class='ocrx_word' id='word_1_152' title='bbox 1315 2038 1372 2101; x_wconf 79' lang='grc' dir='ltr'><em>κατ’</em></span> <span class='ocrx_word' id='word_1_153' title='bbox 1420 2076 1426 2083; x_wconf 90' lang='lat'><strong>·</strong></span> 
     </span>
    </p>

    <p class='ocr_par' dir='ltr' id='par_1_6' title="bbox 250 2133 1487 2431">
     <span class='ocr_line' id='line_1_18' title="bbox 267 2133 1487 2226; baseline 0 -22"><span class='ocrx_word' id='word_1_154' title='bbox 267 2137 347 2224; x_wconf 81' lang='grc' dir='ltr'><em>πρὸς</em></span> <span class='ocrx_word' id='word_1_155' title='bbox 366 2140 555 2226; x_wconf 78' lang='grc' dir='ltr'><em>βραχύτητα</em></span> <span class='ocrx_word' id='word_1_156' title='bbox 574 2137 608 2204; x_wconf 83' lang='grc' dir='ltr'>τά</span> <span class='ocrx_word' id='word_1_157' title='bbox 637 2143 694 2205; x_wconf 78' lang='grc' dir='ltr'><em>τοῦ</em></span> <span class='ocrx_word' id='word_1_158' title='bbox 718 2139 836 2222; x_wconf 85' lang='grc' dir='ltr'><em>δρόμον</em></span> <span class='ocrx_word' id='word_1_159' title='bbox 868 2140 1020 2226; x_wconf 78' lang='grc' dir='ltr'><em>ονοτέλλη</em></span> <span class='ocrx_word' id='word_1_160' title='bbox 1043 2133 1187 2203; x_wconf 89' lang='grc' dir='ltr'><em>στάδιον·</em></span> <span class='ocrx_word' id='word_1_161' title='bbox 1230 2135 1312 2202; x_wconf 85' lang='grc' dir='ltr'><em>ἐπάν</em></span> <span class='ocrx_word' id='word_1_162' title='bbox 1334 2137 1372 2201; x_wconf 82' lang='grc' dir='ltr'>δὲ</span> <span class='ocrx_word' id='word_1_163' title='bbox 1486 2201 1487 2204; x_wconf 74' lang='grc'>,</span> 
     </span>
     <span class='ocr_line' id='line_1_19' title="bbox 250 2236 1371 2331; baseline -0.005 -27"><span class='ocrx_word' id='word_1_164' title='bbox 250 2242 319 2329; x_wconf 59' lang='lat' dir='ltr'>&#39;asp&#39;</span> <span class='ocrx_word' id='word_1_165' title='bbox 330 2245 388 2305; x_wconf 83' lang='grc' dir='ltr'><em>τοῦ</em></span> <span class='ocrx_word' id='word_1_166' title='bbox 410 2242 505 2326; x_wconf 84' lang='grc' dir='ltr'><em>κάρον</em></span> <span class='ocrx_word' id='word_1_167' title='bbox 527 2247 689 2331; x_wconf 76' lang='grc' dir='ltr'><em>πλεονεξίην</em></span> <span class='ocrx_word' id='word_1_168' title='bbox 710 2240 767 2317; x_wconf 86' lang='grc' dir='ltr'><em>τάς</em></span> <span class='ocrx_word' id='word_1_169' title='bbox 795 2239 899 2326; x_wconf 80' lang='grc' dir='ltr'><em>θάρας</em></span> <span class='ocrx_word' id='word_1_170' title='bbox 930 2236 1125 2326; x_wconf 82' lang='grc' dir='ltr'><em>α’ναπετάση,</em></span> <span class='ocrx_word' id='word_1_171' title='bbox 1147 2243 1296 2319; x_wconf 79' lang='grc' dir='ltr'><em>πολέμιος</em></span> <span class='ocrx_word' id='word_1_172' title='bbox 1316 2238 1371 2301; x_wconf 78' lang='grc' dir='ltr'>τά.</span> 
     </span>
     <span class='ocr_line' id='line_1_20' title="bbox 268 2335 1371 2431; baseline -0.004 -25"><span class='ocrx_word' id='word_1_173' title='bbox 268 2339 332 2416; x_wconf 69' lang='grc' dir='ltr'><em>δίς</em></span> <span class='ocrx_word' id='word_1_174' title='bbox 351 2344 408 2406; x_wconf 86' lang='grc' dir='ltr'>καί</span> <span class='ocrx_word' id='word_1_175' title='bbox 430 2341 528 2418; x_wconf 74' lang='grc' dir='ltr'><em>αὐτὸς</em></span> <span class='ocrx_word' id='word_1_176' title='bbox 555 2338 658 2431; x_wconf 74' lang='grc' dir='ltr'><em>ἐσοιῷ</em></span> <span class='ocrx_word' id='word_1_177' title='bbox 688 2346 838 2429; x_wconf 79' lang='grc' dir='ltr'><em>φωρᾶται</em></span> <span class='ocrx_word' id='word_1_178' title='bbox 866 2339 1064 2425; x_wconf 83' lang='grc' dir='ltr'><em>γιγνόμενος,</em></span> <span class='ocrx_word' id='word_1_179' title='bbox 1088 2339 1142 2403; x_wconf 86' lang='grc' dir='ltr'>καί</span> <span class='ocrx_word' id='word_1_180' title='bbox 1163 2335 1232 2421; x_wconf 84' lang='grc' dir='ltr'><em>άμα</em></span> <span class='ocrx_word' id='word_1_181' title='bbox 1253 2337 1371 2422; x_wconf 88' lang='grc' dir='ltr'><em>άηδίας</em></span> 
     </span>
    </p>
   </div>
   <div class='ocr_carea' id='block_1_6' title="bbox 267 2434 1413 2728">
    <p class='ocr_par' dir='ltr' id='par_1_7' title="bbox 267 2434 1413 2728">
     <span class='ocr_line' id='line_1_21' title="bbox 267 2434 1413 2529; baseline -0.003 -24"><span class='ocrx_word' id='word_1_182' title='bbox 267 2444 394 2523; x_wconf 83' lang='grc' dir='ltr'><em>μακράς</em></span> <span class='ocrx_word' id='word_1_183' title='bbox 422 2441 456 2506; x_wconf 82' lang='grc' dir='ltr'>τά</span> <span class='ocrx_word' id='word_1_184' title='bbox 478 2446 533 2527; x_wconf 76' lang='grc' dir='ltr'><em>τῆς</em></span> <span class='ocrx_word' id='word_1_185' title='bbox 559 2445 670 2527; x_wconf 77' lang='grc' dir='ltr'><em>ψυχῆς</em></span> <span class='ocrx_word' id='word_1_186' title='bbox 692 2441 845 2529; x_wconf 74' lang='grc' dir='ltr'><em>ἡδόμενον</em></span> <span class='ocrx_word' id='word_1_187' title='bbox 867 2441 1050 2524; x_wconf 81' lang='grc' dir='ltr'><em>ἐμπιπλαῖν,</em></span> <span class='ocrx_word' id='word_1_188' title='bbox 1070 2443 1123 2504; x_wconf 83' lang='grc' dir='ltr'>καί</span> <span class='ocrx_word' id='word_1_189' title='bbox 1152 2434 1227 2523; x_wconf 80' lang='grc' dir='ltr'><em>δλην</em></span> <span class='ocrx_word' id='word_1_190' title='bbox 1249 2440 1413 2522; x_wconf 61' lang='grc' dir='ltr'><em>ἐκείνηνσο</em></span> 
     </span>
     <span class='ocr_line' id='line_1_22' title="bbox 269 2537 1371 2628; baseline -0.002 -20"><span class='ocrx_word' id='word_1_191' title='bbox 269 2541 501 2628; x_wconf 77' lang='grc' dir='ltr'><em>άναμοχλεάων</em></span> <span class='ocrx_word' id='word_1_192' title='bbox 531 2548 587 2609; x_wconf 84' lang='grc' dir='ltr'>καί</span> <span class='ocrx_word' id='word_1_193' title='bbox 608 2537 791 2627; x_wconf 78' lang='grc' dir='ltr'><em>α’ναιρὲπων</em></span> <span class='ocrx_word' id='word_1_194' title='bbox 819 2542 875 2628; x_wconf 71' lang='grc' dir='ltr'><em>την</em></span> <span class='ocrx_word' id='word_1_195' title='bbox 896 2544 1006 2627; x_wconf 89' lang='grc' dir='ltr'><em>χάριν.</em></span> <span class='ocrx_word' id='word_1_196' title='bbox 1057 2545 1158 2628; x_wconf 79' lang='grc' dir='ltr'><em>ἡδέως</em></span> <span class='ocrx_word' id='word_1_197' title='bbox 1178 2543 1254 2624; x_wconf 77' lang='grc' dir='ltr'><em>γοῦν</em></span> <span class='ocrx_word' id='word_1_198' title='bbox 1276 2537 1371 2624; x_wconf 76' lang='grc' dir='ltr'><em>ἔγωγ’</em></span> 
     </span>
     <span class='ocr_line' id='line_1_23' title="bbox 268 2635 1371 2728; baseline -0.001 -24"><span class='ocrx_word' id='word_1_199' title='bbox 268 2640 436 2724; x_wconf 74' lang='grc' dir='ltr'><em>ἀκούσαιμ’</em></span> <span class='ocrx_word' id='word_1_200' title='bbox 459 2636 515 2726; x_wconf 73' lang='lat' dir='ltr'>dv,</span> <span class='ocrx_word' id='word_1_201' title='bbox 533 2647 590 2709; x_wconf 79' lang='grc' dir='ltr'>νῦν</span> <span class='ocrx_word' id='word_1_202' title='bbox 609 2646 745 2726; x_wconf 79' lang='grc' dir='ltr'><em>μᾶλλον,</em></span> <span class='ocrx_word' id='word_1_203' title='bbox 770 2641 858 2727; x_wconf 82' lang='grc' dir='ltr'><em>εἴπερ</em></span> <span class='ocrx_word' id='word_1_204' title='bbox 882 2645 971 2724; x_wconf 85' lang='grc' dir='ltr'><em>ποτέ,</em></span> <span class='ocrx_word' id='word_1_205' title='bbox 992 2642 1111 2728; x_wconf 74' lang='grc' dir='ltr'><em>σχολὴν</em></span> <span class='ocrx_word' id='word_1_206' title='bbox 1136 2635 1221 2728; x_wconf 86' lang='grc' dir='ltr'><em>άγων</em></span> <span class='ocrx_word' id='word_1_207' title='bbox 1241 2641 1371 2726; x_wconf 82' lang='grc' dir='ltr'><em>οἷπράγ-</em></span> 
     </span>
    </p>
   </div>
   <div class='ocr_carea' id='block_1_7' title="bbox 269 2911 1381 3834">
    <p class='ocr_par' dir='ltr' id='par_1_8' title="bbox 269 2911 1381 3834">
     <span class='ocr_line' id='line_1_24' title="bbox 269 2911 1369 2998; baseline 0.002 -33"><span class='ocrx_word' id='word_1_208' title='bbox 269 2921 373 2980; x_wconf 77' lang='lat' dir='ltr'>tempus</span> <span class='ocrx_word' id='word_1_209' title='bbox 393 2911 506 2979; x_wconf 85' lang='lat' dir='ltr'>ferebat,</span> <span class='ocrx_word' id='word_1_210' title='bbox 526 2914 640 2970; x_wconf 78' lang='lat' dir='ltr'>eludium</span> <span class='ocrx_word' id='word_1_211' title='bbox 658 2914 759 2967; x_wconf 86' lang='lat' dir='ltr'>licebat</span> <span class='ocrx_word' id='word_1_212' title='bbox 777 2914 924 2979; x_wconf 88' lang='lat' dir='ltr'>collocare,</span> <span class='ocrx_word' id='word_1_213' title='bbox 952 2921 982 2965; x_wconf 91' lang='lat' dir='ltr'>ut</span> <span class='ocrx_word' id='word_1_214' title='bbox 999 2922 1055 2966; x_wconf 89' lang='lat' dir='ltr'>tum</span> <span class='ocrx_word' id='word_1_215' title='bbox 1074 2928 1132 2966; x_wconf 93' lang='lat' dir='ltr'>cum</span> <span class='ocrx_word' id='word_1_216' title='bbox 1150 2914 1194 2977; x_wconf 80' lang='lat' dir='ltr'>iia,</span> <span class='ocrx_word' id='word_1_217' title='bbox 1213 2913 1369 2998; x_wconf 79' lang='lat' dir='ltr'>quicunque</span> 
     </span>
     <span class='ocr_line' id='line_1_25' title="bbox 269 2951 1367 3054; baseline -0.001 -17"><span class='ocrx_word' id='word_1_218' title='bbox 269 3000 312 3037; x_wconf 90' lang='lat' dir='ltr'>me</span> <span class='ocrx_word' id='word_1_219' title='bbox 333 2982 379 3036; x_wconf 88' lang='lat' dir='ltr'>alii</span> <span class='ocrx_word' id='word_1_220' title='bbox 398 2983 459 3036; x_wconf 84' lang='lat' dir='ltr'>aliis</span> <span class='ocrx_word' id='word_1_221' title='bbox 477 2951 642 3053; x_wconf 80' lang='lat' dir='ltr'>t6mporibus</span> <span class='ocrx_word' id='word_1_222' title='bbox 662 2987 775 3050; x_wconf 89' lang='lat' dir='ltr'>adirent,</span> <span class='ocrx_word' id='word_1_223' title='bbox 794 3001 862 3054; x_wconf 88' lang='lat' dir='ltr'>quae</span> <span class='ocrx_word' id='word_1_224' title='bbox 881 2987 994 3052; x_wconf 87' lang='lat' dir='ltr'>tempori</span> <span class='ocrx_word' id='word_1_225' title='bbox 1015 2994 1042 3038; x_wconf 86' lang='lat' dir='ltr'>et</span> <span class='ocrx_word' id='word_1_226' title='bbox 1060 2986 1100 3037; x_wconf 92' lang='lat' dir='ltr'>rei</span> <span class='ocrx_word' id='word_1_227' title='bbox 1120 2986 1268 3037; x_wconf 84' lang='lat' dir='ltr'>convenire</span> <span class='ocrx_word' id='word_1_228' title='bbox 1287 2985 1367 3039; x_wconf 86' lang='lat' dir='ltr'>vide.</span> 
     </span>
     <span class='ocr_line' id='line_1_26' title="bbox 269 3055 1369 3141; baseline -0.003 -31"><span class='ocrx_word' id='word_1_229' title='bbox 269 3063 378 3119; x_wconf 85' lang='lat' dir='ltr'>rentur,</span> <span class='ocrx_word' id='word_1_230' title='bbox 411 3055 470 3107; x_wconf 84' lang='lat' dir='ltr'>luae</span> <span class='ocrx_word' id='word_1_231' title='bbox 499 3064 580 3125; x_wconf 89' lang='lat' dir='ltr'>atque</span> <span class='ocrx_word' id='word_1_232' title='bbox 608 3058 718 3123; x_wconf 88' lang='lat' dir='ltr'>copiose</span> <span class='ocrx_word' id='word_1_233' title='bbox 739 3055 945 3120; x_wconf 79' lang='lat' dir='ltr'>confabularer,</span> <span class='ocrx_word' id='word_1_234' title='bbox 966 3064 1020 3108; x_wconf 92' lang='lat' dir='ltr'>tum</span> <span class='ocrx_word' id='word_1_235' title='bbox 1039 3056 1162 3124; x_wconf 74' lang='lat' dir='ltr'>epistolis</span> <span class='ocrx_word' id='word_1_236' title='bbox 1180 3057 1302 3120; x_wconf 79' lang='lat' dir='ltr'>amicos,</span> <span class='ocrx_word' id='word_1_237' title='bbox 1315 3058 1369 3141; x_wconf 32' lang='lat' dir='ltr'>‘qui</span> 
     </span>
     <span class='ocr_line' id='line_1_27' title="bbox 271 3094 1381 3194; baseline -0.001 -14"><span class='ocrx_word' id='word_1_238' title='bbox 271 3129 350 3180; x_wconf 87' lang='lat' dir='ltr'>etlam</span> <span class='ocrx_word' id='word_1_239' title='bbox 369 3127 463 3192; x_wconf 87' lang='lat' dir='ltr'>procul</span> <span class='ocrx_word' id='word_1_240' title='bbox 482 3129 533 3178; x_wconf 90' lang='lat' dir='ltr'>mci</span> <span class='ocrx_word' id='word_1_241' title='bbox 553 3142 643 3177; x_wconf 90' lang='lat' dir='ltr'>amore</span> <span class='ocrx_word' id='word_1_242' title='bbox 663 3129 801 3190; x_wconf 88' lang='lat' dir='ltr'>arderent,</span> <span class='ocrx_word' id='word_1_243' title='bbox 822 3127 902 3178; x_wconf 87' lang='lat' dir='ltr'>aimili</span> <span class='ocrx_word' id='word_1_244' title='bbox 920 3094 1024 3179; x_wconf 74' lang='lat' dir='ltr'>r6tione</span> <span class='ocrx_word' id='word_1_245' title='bbox 1042 3127 1238 3194; x_wconf 89' lang='lat' dir='ltr'>amplecterer,</span> <span class='ocrx_word' id='word_1_246' title='bbox 1259 3129 1381 3179; x_wconf 87' lang='lat' dir='ltr'>tertium.</span> 
     </span>
     <span class='ocr_line' id='line_1_28' title="bbox 269 3195 1368 3279; baseline 0.003 -31"><span class='ocrx_word' id='word_1_247' title='bbox 269 3205 299 3248; x_wconf 93' lang='lat' dir='ltr'>ut</span> <span class='ocrx_word' id='word_1_248' title='bbox 329 3195 487 3279; x_wconf 83' lang='lat' dir='ltr'><strong>colligerem</strong></span> <span class='ocrx_word' id='word_1_249' title='bbox 513 3214 581 3265; x_wconf 87' lang='lat' dir='ltr'>quae</span> <span class='ocrx_word' id='word_1_250' title='bbox 604 3198 637 3248; x_wconf 93' lang='lat' dir='ltr'>ad</span> <span class='ocrx_word' id='word_1_251' title='bbox 661 3198 796 3250; x_wconf 82' lang='lat' dir='ltr'>historiam</span> <span class='ocrx_word' id='word_1_252' title='bbox 814 3199 958 3264; x_wconf 87' lang='lat' dir='ltr'>pertinent.</span> <span class='ocrx_word' id='word_1_253' title='bbox 1008 3199 1157 3251; x_wconf 71' lang='lat' dir='ltr'>delectatur</span> <span class='ocrx_word' id='word_1_254' title='bbox 1177 3200 1246 3250; x_wconf 87' lang='lat' dir='ltr'>enlm</span> <span class='ocrx_word' id='word_1_255' title='bbox 1265 3199 1368 3252; x_wconf 81' lang='lat' dir='ltr'>animus</span> 
     </span>
     <span class='ocr_line' id='line_1_29' title="bbox 271 3265 1368 3354; baseline 0.001 -35"><span class='ocrx_word' id='word_1_256' title='bbox 271 3284 350 3350; x_wconf 80' lang='lat' dir='ltr'>quum</span> <span class='ocrx_word' id='word_1_257' title='bbox 376 3265 541 3320; x_wconf 80' lang='lat' dir='ltr'>extrinsecus</span> <span class='ocrx_word' id='word_1_258' title='bbox 570 3270 747 3320; x_wconf 72' lang='lat' dir='ltr'>narrationem</span> <span class='ocrx_word' id='word_1_259' title='bbox 773 3285 869 3320; x_wconf 88' lang='lat' dir='ltr'>veram</span> <span class='ocrx_word' id='word_1_260' title='bbox 884 3278 964 3338; x_wconf 88' lang='lat' dir='ltr'>atque</span> <span class='ocrx_word' id='word_1_261' title='bbox 994 3270 1131 3322; x_wconf 84' lang='lat' dir='ltr'>efficacem</span> <span class='ocrx_word' id='word_1_262' title='bbox 1158 3270 1271 3336; x_wconf 85' lang='lat' dir='ltr'>accipit,</span> <span class='ocrx_word' id='word_1_263' title='bbox 1299 3286 1368 3354; x_wconf 88' lang='lat' dir='ltr'>quae</span> 
     </span>
     <span class='ocr_line' id='line_1_30' title="bbox 271 3339 1368 3409; baseline 0.001 -18"><span class='ocrx_word' id='word_1_264' title='bbox 271 3339 347 3407; x_wconf 84' lang='lat' dir='ltr'>quasi</span> <span class='ocrx_word' id='word_1_265' title='bbox 365 3353 443 3389; x_wconf 88' lang='lat' dir='ltr'>manu</span> <span class='ocrx_word' id='word_1_266' title='bbox 462 3339 542 3390; x_wconf 91' lang='lat' dir='ltr'>ducat</span> <span class='ocrx_word' id='word_1_267' title='bbox 562 3340 594 3390; x_wconf 91' lang='lat' dir='ltr'>ad</span> <span class='ocrx_word' id='word_1_268' title='bbox 614 3339 805 3408; x_wconf 73' lang='lat' dir='ltr'>pulclperrimas</span> <span class='ocrx_word' id='word_1_269' title='bbox 825 3357 944 3409; x_wconf 84' lang='lat' dir='ltr'>quasque</span> <span class='ocrx_word' id='word_1_270' title='bbox 964 3341 1092 3393; x_wconf 81' lang='lat' dir='ltr'>historiae</span> <span class='ocrx_word' id='word_1_271' title='bbox 1111 3357 1173 3404; x_wconf 82' lang='lat' dir='ltr'>rea,</span> <span class='ocrx_word' id='word_1_272' title='bbox 1191 3341 1244 3392; x_wconf 84' lang='lat' dir='ltr'>nisi</span> <span class='ocrx_word' id='word_1_273' title='bbox 1265 3356 1298 3392; x_wconf 92' lang='lat' dir='ltr'>ea</span> <span class='ocrx_word' id='word_1_274' title='bbox 1314 3343 1368 3392; x_wconf 90' lang='lat' dir='ltr'>im-</span> 
     </span>
     <span class='ocr_line' id='line_1_31' title="bbox 270 3410 1369 3480; baseline 0.002 -18"><span class='ocrx_word' id='word_1_275' title='bbox 270 3410 374 3462; x_wconf 85' lang='lat' dir='ltr'>modica</span> <span class='ocrx_word' id='word_1_276' title='bbox 392 3416 472 3476; x_wconf 89' lang='lat' dir='ltr'>atque</span> <span class='ocrx_word' id='word_1_277' title='bbox 491 3410 616 3461; x_wconf 88' lang='lat' dir='ltr'>indomita</span> <span class='ocrx_word' id='word_1_278' title='bbox 629 3426 717 3463; x_wconf 92' lang='lat' dir='ltr'>rerum</span> <span class='ocrx_word' id='word_1_279' title='bbox 731 3413 868 3464; x_wconf 75' lang='lat' dir='ltr'>saturitate</span> <span class='ocrx_word' id='word_1_280' title='bbox 881 3426 1009 3478; x_wconf 86' lang='lat' dir='ltr'>oppreaaa</span> <span class='ocrx_word' id='word_1_281' title='bbox 1023 3420 1154 3475; x_wconf 89' lang='lat' dir='ltr'>teneatur,</span> <span class='ocrx_word' id='word_1_282' title='bbox 1174 3428 1252 3479; x_wconf 86' lang='lat' dir='ltr'>quae,</span> <span class='ocrx_word' id='word_1_283' title='bbox 1272 3427 1369 3480; x_wconf 85' lang='lat' dir='ltr'>quam-</span> 
     </span>
     <span class='ocr_line' id='line_1_32' title="bbox 271 3482 1368 3549; baseline 0.002 -16"><span class='ocrx_word' id='word_1_284' title='bbox 271 3497 349 3549; x_wconf 90' lang='lat' dir='ltr'>quam</span> <span class='ocrx_word' id='word_1_285' title='bbox 377 3495 485 3546; x_wconf 82' lang='lat' dir='ltr'>prorsas</span> <span class='ocrx_word' id='word_1_286' title='bbox 510 3482 644 3533; x_wconf 88' lang='lat' dir='ltr'>contraria</span> <span class='ocrx_word' id='word_1_287' title='bbox 663 3490 703 3534; x_wconf 83' lang='lat' dir='ltr'>cat</span> <span class='ocrx_word' id='word_1_288' title='bbox 723 3482 843 3535; x_wconf 90' lang='lat' dir='ltr'>Sirenum</span> <span class='ocrx_word' id='word_1_289' title='bbox 868 3484 974 3535; x_wconf 89' lang='lat' dir='ltr'>illarum</span> <span class='ocrx_word' id='word_1_290' title='bbox 994 3485 1102 3546; x_wconf 87' lang='lat' dir='ltr'>cantui,</span> <span class='ocrx_word' id='word_1_291' title='bbox 1120 3491 1235 3536; x_wconf 82' lang='lat' dir='ltr'>attamen</span> <span class='ocrx_word' id='word_1_292' title='bbox 1257 3485 1368 3535; x_wconf 90' lang='lat' dir='ltr'>candem</span> 
     </span>
     <span class='ocr_line' id='line_1_33' title="bbox 271 3551 1369 3618; baseline 0.001 -13"><span class='ocrx_word' id='word_1_293' title='bbox 271 3553 329 3605; x_wconf 87' lang='lat' dir='ltr'>lere</span> <span class='ocrx_word' id='word_1_294' title='bbox 348 3551 415 3602; x_wconf 86' lang='lat' dir='ltr'>clam</span> <span class='ocrx_word' id='word_1_295' title='bbox 435 3552 541 3604; x_wconf 84' lang='lat' dir='ltr'>adducit</span> <span class='ocrx_word' id='word_1_296' title='bbox 560 3567 682 3618; x_wconf 89' lang='lat' dir='ltr'>poenam.</span> <span class='ocrx_word' id='word_1_297' title='bbox 703 3562 795 3605; x_wconf 75' lang='lat' dir='ltr'>cautus</span> <span class='ocrx_word' id='word_1_298' title='bbox 815 3555 885 3606; x_wconf 89' lang='lat' dir='ltr'>enim</span> <span class='ocrx_word' id='word_1_299' title='bbox 904 3555 952 3605; x_wconf 95' lang='lat' dir='ltr'>ille</span> <span class='ocrx_word' id='word_1_300' title='bbox 974 3555 1100 3608; x_wconf 86' lang='lat' dir='ltr'>concordi</span> <span class='ocrx_word' id='word_1_301' title='bbox 1118 3569 1214 3607; x_wconf 88' lang='lat' dir='ltr'>vocum</span> <span class='ocrx_word' id='word_1_302' title='bbox 1233 3563 1369 3608; x_wconf 84' lang='lat' dir='ltr'>concentu</span> 
     </span>
     <span class='ocr_line' id='line_1_34' title="bbox 270 3623 1369 3694; baseline 0.003 -19"><span class='ocrx_word' id='word_1_303' title='bbox 270 3631 350 3690; x_wconf 89' lang='lat' dir='ltr'>atque</span> <span class='ocrx_word' id='word_1_304' title='bbox 368 3623 567 3692; x_wconf 78' lang='lat' dir='ltr'>magnificentia</span> <span class='ocrx_word' id='word_1_305' title='bbox 588 3639 665 3676; x_wconf 85' lang='lat' dir='ltr'>aures</span> <span class='ocrx_word' id='word_1_306' title='bbox 692 3625 825 3678; x_wconf 81' lang='lat' dir='ltr'>deliniens</span> <span class='ocrx_word' id='word_1_307' title='bbox 845 3633 924 3694; x_wconf 89' lang='lat' dir='ltr'>atque</span> <span class='ocrx_word' id='word_1_308' title='bbox 947 3625 1112 3690; x_wconf 73' lang='lat' dir='ltr'>demulceus,</span> <span class='ocrx_word' id='word_1_309' title='bbox 1130 3627 1252 3694; x_wconf 83' lang='lat' dir='ltr'>quiaquia</span> <span class='ocrx_word' id='word_1_310' title='bbox 1272 3627 1369 3678; x_wconf 83' lang='lat' dir='ltr'>suavi-</span> 
     </span>
     <span class='ocr_line' id='line_1_35' title="bbox 269 3694 1369 3765; baseline 0.003 -19"><span class='ocrx_word' id='word_1_311' title='bbox 269 3702 324 3746; x_wconf 88' lang='lat' dir='ltr'>tate</span> <span class='ocrx_word' id='word_1_312' title='bbox 344 3694 402 3745; x_wconf 84' lang='lat' dir='ltr'>cina</span> <span class='ocrx_word' id='word_1_313' title='bbox 422 3694 614 3759; x_wconf 78' lang='lat' dir='ltr'>oblectabatur,</span> <span class='ocrx_word' id='word_1_314' title='bbox 633 3711 706 3748; x_wconf 88' lang='lat' dir='ltr'>eum·</span> <span class='ocrx_word' id='word_1_315' title='bbox 713 3697 830 3748; x_wconf 81' lang='lat' dir='ltr'>vinculis</span> <span class='ocrx_word' id='word_1_316' title='bbox 849 3705 953 3764; x_wconf 87' lang='lat' dir='ltr'>captum</span> <span class='ocrx_word' id='word_1_317' title='bbox 978 3698 1010 3749; x_wconf 93' lang='lat' dir='ltr'>ad</span> <span class='ocrx_word' id='word_1_318' title='bbox 1029 3699 1121 3749; x_wconf 80' lang='lat' dir='ltr'>mortio</span> <span class='ocrx_word' id='word_1_319' title='bbox 1145 3696 1284 3764; x_wconf 86' lang='lat' dir='ltr'>compellit</span> <span class='ocrx_word' id='word_1_320' title='bbox 1302 3712 1369 3765; x_wconf 88' lang='lat' dir='ltr'>por-</span> 
     </span>
     <span class='ocr_line' id='line_1_36' title="bbox 270 3767 1370 3834; baseline 0.004 -18"><span class='ocrx_word' id='word_1_321' title='bbox 270 3773 321 3828; x_wconf 82' lang='lat' dir='ltr'>tae,</span> <span class='ocrx_word' id='word_1_322' title='bbox 342 3779 498 3834; x_wconf 88' lang='lat' dir='ltr'>quamquam</span> <span class='ocrx_word' id='word_1_323' title='bbox 524 3781 557 3816; x_wconf 87' lang='lat' dir='ltr'>ex</span> <span class='ocrx_word' id='word_1_324' title='bbox 583 3783 615 3818; x_wconf 87' lang='lat' dir='ltr'>co</span> <span class='ocrx_word' id='word_1_325' title='bbox 642 3769 674 3820; x_wconf 86' lang='lat' dir='ltr'>ad</span> <span class='ocrx_word' id='word_1_326' title='bbox 693 3769 806 3819; x_wconf 86' lang='lat' dir='ltr'>animum</span> <span class='ocrx_word' id='word_1_327' title='bbox 825 3768 928 3820; x_wconf 89' lang='lat' dir='ltr'>nullum</span> <span class='ocrx_word' id='word_1_328' title='bbox 956 3767 1027 3820; x_wconf 91' lang='lat' dir='ltr'>aliud</span> <span class='ocrx_word' id='word_1_329' title='bbox 1056 3769 1221 3821; x_wconf 88' lang='lat' dir='ltr'>commodum</span> <span class='ocrx_word' id='word_1_330' title='bbox 1238 3768 1370 3821; x_wconf 84' lang='lat' dir='ltr'>redundat</span> 
     </span>
    </p>
   </div>
   <div class='ocr_carea' id='block_1_8' title="bbox 167 3835 1369 3919">
    <p class='ocr_par' dir='ltr' id='par_1_9' title="bbox 167 3835 1369 3919">
     <span class='ocr_line' id='line_1_37' title="bbox 167 3835 1369 3919; baseline 0.003 -32"><span class='ocrx_word' id='word_1_331' title='bbox 167 3903 169 3908; x_wconf 25' lang='grc' dir='ltr'>Ι</span> <span class='ocrx_word' id='word_1_332' title='bbox 270 3836 323 3888; x_wconf 81' lang='lat' dir='ltr'>niel</span> <span class='ocrx_word' id='word_1_333' title='bbox 344 3835 436 3889; x_wconf 84' lang='lat' dir='ltr'>brevis</span> <span class='ocrx_word' id='word_1_334' title='bbox 463 3837 568 3919; x_wconf 88' lang='lat' dir='ltr'>quidam</span> <span class='ocrx_word' id='word_1_335' title='bbox 586 3839 786 3906; x_wconf 84' lang='lat' dir='ltr'>intemperantis</span> <span class='ocrx_word' id='word_1_336' title='bbox 804 3841 906 3891; x_wconf 92' lang='lat' dir='ltr'>aurium</span> <span class='ocrx_word' id='word_1_337' title='bbox 926 3839 1115 3892; x_wconf 77' lang='lat' dir='ltr'>oblectationis</span> <span class='ocrx_word' id='word_1_338' title='bbox 1141 3840 1258 3904; x_wconf 79' lang='lat' dir='ltr'>fructur,</span> <span class='ocrx_word' id='word_1_339' title='bbox 1290 3855 1369 3908; x_wconf 90' lang='lat' dir='ltr'>quem</span> 
     </span>
    </p>
   </div>
   <div class='ocr_carea' id='block_1_9' title="bbox 270 3907 1370 4337">
    <p class='ocr_par' dir='ltr' id='par_1_10' title="bbox 270 3907 1370 4337">
     <span class='ocr_line' id='line_1_38' title="bbox 270 3907 1369 3994; baseline 0.004 -36"><span class='ocrx_word' id='word_1_340' title='bbox 270 3907 383 3959; x_wconf 84' lang='lat' dir='ltr'>maxima</span> <span class='ocrx_word' id='word_1_341' title='bbox 402 3909 521 3975; x_wconf 85' lang='lat' dir='ltr'>sequitur</span> <span class='ocrx_word' id='word_1_342' title='bbox 541 3922 636 3973; x_wconf 81' lang='lat' dir='ltr'>poena.</span> <span class='ocrx_word' id='word_1_343' title='bbox 681 3913 798 3963; x_wconf 87' lang='lat' dir='ltr'>narratio</span> <span class='ocrx_word' id='word_1_344' title='bbox 817 3919 905 3962; x_wconf 88' lang='lat' dir='ltr'>autem</span> <span class='ocrx_word' id='word_1_345' title='bbox 920 3912 1049 3994; x_wconf 82' lang='lat' dir='ltr'>prodeat,</span> <span class='ocrx_word' id='word_1_346' title='bbox 1078 3912 1101 3964; x_wconf 83' lang='lat' dir='ltr'>ai</span> <span class='ocrx_word' id='word_1_347' title='bbox 1121 3912 1228 3979; x_wconf 87' lang='lat' dir='ltr'>quidem</span> <span class='ocrx_word' id='word_1_348' title='bbox 1245 3910 1369 3964; x_wconf 79' lang='lat' dir='ltr'>iuvenile</span> 
     </span>
     <span class='ocr_line' id='line_1_39' title="bbox 270 3978 1368 4061; baseline 0.004 -32"><span class='ocrx_word' id='word_1_349' title='bbox 270 3978 401 4061; x_wconf 85' lang='lat' dir='ltr'>quoddam</span> <span class='ocrx_word' id='word_1_350' title='bbox 418 3987 499 4046; x_wconf 88' lang='lat' dir='ltr'>atquc</span> <span class='ocrx_word' id='word_1_351' title='bbox 518 3979 654 4044; x_wconf 90' lang='lat' dir='ltr'>lloridum,</span> <span class='ocrx_word' id='word_1_352' title='bbox 686 3989 715 4032; x_wconf 89' lang='lat' dir='ltr'>ut</span> <span class='ocrx_word' id='word_1_353' title='bbox 733 3984 769 4033; x_wconf 88' lang='lat' dir='ltr'>ita</span> <span class='ocrx_word' id='word_1_354' title='bbox 788 3982 887 4046; x_wconf 88' lang='lat' dir='ltr'>dicam,</span> <span class='ocrx_word' id='word_1_355' title='bbox 918 3983 1116 4034; x_wconf 84' lang='lat' dir='ltr'>incitamentum</span> <span class='ocrx_word' id='word_1_356' title='bbox 1144 3990 1170 4033; x_wconf 91' lang='lat' dir='ltr'>et</span> <span class='ocrx_word' id='word_1_357' title='bbox 1198 3990 1285 4049; x_wconf 85' lang='lat' dir='ltr'>aptam</span> <span class='ocrx_word' id='word_1_358' title='bbox 1303 3997 1368 4049; x_wconf 88' lang='lat' dir='ltr'>par-</span> 
     </span>
     <span class='ocr_line' id='line_1_40' title="bbox 270 4050 1369 4136; baseline 0.004 -37"><span class='ocrx_word' id='word_1_359' title='bbox 270 4050 336 4100; x_wconf 90' lang='lat' dir='ltr'>tium</span> <span class='ocrx_word' id='word_1_360' title='bbox 355 4050 471 4111; x_wconf 85' lang='lat' dir='ltr'>omnium</span> <span class='ocrx_word' id='word_1_361' title='bbox 499 4054 699 4136; x_wconf 75' lang='lat' dir='ltr'>congruentiam</span> <span class='ocrx_word' id='word_1_362' title='bbox 727 4053 824 4105; x_wconf 88' lang='lat' dir='ltr'>habeat</span> <span class='ocrx_word' id='word_1_363' title='bbox 843 4054 1023 4121; x_wconf 81' lang='lat' dir='ltr'>brevibusque</span> <span class='ocrx_word' id='word_1_364' title='bbox 1053 4053 1149 4106; x_wconf 78' lang='lat' dir='ltr'>linibus</span> <span class='ocrx_word' id='word_1_365' title='bbox 1168 4068 1242 4106; x_wconf 80' lang='lat' dir='ltr'>ouum</span> <span class='ocrx_word' id='word_1_366' title='bbox 1262 4069 1369 4105; x_wconf 78' lang='lat' dir='ltr'>curcum</span> 
     </span>
     <span class='ocr_line' id='line_1_41' title="bbox 271 4120 1367 4192; baseline 0.003 -21"><span class='ocrx_word' id='word_1_367' title='bbox 271 4120 479 4172; x_wconf 81' lang='lat' dir='ltr'>circumscribat</span> <span class='ocrx_word' id='word_1_368' title='bbox 522 4125 565 4176; x_wconf 83' lang='lat' dir='ltr'>sin</span> <span class='ocrx_word' id='word_1_369' title='bbox 596 4131 684 4175; x_wconf 89' lang='lat' dir='ltr'>autem</span> <span class='ocrx_word' id='word_1_370' title='bbox 707 4126 804 4175; x_wconf 90' lang='lat' dir='ltr'>nimiae</span> <span class='ocrx_word' id='word_1_371' title='bbox 828 4125 1004 4176; x_wconf 87' lang='lat' dir='ltr'>abundantiae</span> <span class='ocrx_word' id='word_1_372' title='bbox 1028 4132 1107 4192; x_wconf 89' lang='lat' dir='ltr'>atque</span> <span class='ocrx_word' id='word_1_373' title='bbox 1137 4125 1253 4176; x_wconf 83' lang='lat' dir='ltr'>satietati</span> <span class='ocrx_word' id='word_1_374' title='bbox 1277 4131 1367 4191; x_wconf 82' lang='lat' dir='ltr'>portas</span> 
     </span>
     <span class='ocr_line' id='line_1_42' title="bbox 271 4191 1367 4264; baseline 0.001 -22"><span class='ocrx_word' id='word_1_375' title='bbox 271 4191 431 4258; x_wconf 80' lang='lat' dir='ltr'>patefaciat,</span> <span class='ocrx_word' id='word_1_376' title='bbox 460 4196 547 4246; x_wconf 82' lang='lat' dir='ltr'>atatim</span> <span class='ocrx_word' id='word_1_377' title='bbox 573 4198 630 4262; x_wconf 74' lang='lat' dir='ltr'>ipsa</span> <span class='ocrx_word' id='word_1_378' title='bbox 653 4196 703 4248; x_wconf 82' lang='lat' dir='ltr'>sihi</span> <span class='ocrx_word' id='word_1_379' title='bbox 736 4196 844 4247; x_wconf 88' lang='lat' dir='ltr'>inimica</span> <span class='ocrx_word' id='word_1_380' title='bbox 863 4197 953 4248; x_wconf 86' lang='lat' dir='ltr'>evadit</span> <span class='ocrx_word' id='word_1_381' title='bbox 970 4197 1104 4264; x_wconf 77' lang='lat' dir='ltr'>uniruique</span> <span class='ocrx_word' id='word_1_382' title='bbox 1131 4195 1260 4246; x_wconf 84' lang='lat' dir='ltr'>laetitiam</span> <span class='ocrx_word' id='word_1_383' title='bbox 1279 4194 1367 4246; x_wconf 87' lang='lat' dir='ltr'>taedio</span> 
     </span>
     <span class='ocr_line' id='line_1_43' title="bbox 273 4264 1370 4337; baseline 0.001 -23"><span class='ocrx_word' id='word_1_384' title='bbox 273 4277 369 4330; x_wconf 85' lang='lat' dir='ltr'>magno</span> <span class='ocrx_word' id='word_1_385' title='bbox 398 4264 506 4331; x_wconf 88' lang='lat' dir='ltr'>implet,</span> <span class='ocrx_word' id='word_1_386' title='bbox 530 4276 611 4337; x_wconf 87' lang='lat' dir='ltr'>atquo</span> <span class='ocrx_word' id='word_1_387' title='bbox 635 4281 739 4320; x_wconf 89' lang='lat' dir='ltr'>omnem</span> <span class='ocrx_word' id='word_1_388' title='bbox 763 4265 835 4320; x_wconf 88' lang='lat' dir='ltr'>illam</span> <span class='ocrx_word' id='word_1_389' title='bbox 856 4266 1018 4334; x_wconf 82' lang='lat' dir='ltr'>voluptatem</span> <span class='ocrx_word' id='word_1_390' title='bbox 1038 4269 1114 4337; x_wconf 76' lang='lat' dir='ltr'>quati</span> <span class='ocrx_word' id='word_1_391' title='bbox 1143 4274 1223 4320; x_wconf 83' lang='lat' dir='ltr'>vecte</span> <span class='ocrx_word' id='word_1_392' title='bbox 1251 4266 1370 4334; x_wconf 73' lang='lat' dir='ltr'>effringit</span> 
     </span>
    </p>
   </div>
   <div class='ocr_carea' id='block_1_10' title="bbox 0 0 1504 4918">
    <p class='ocr_par' dir='ltr' id='par_1_11' title="bbox 0 0 1504 4918">
     <span class='ocr_line' id='line_1_44' title="bbox 0 0 1504 4918; baseline 0 0"><span class='ocrx_word' id='word_1_393' title='bbox 0 0 1504 4918; x_wconf 95' lang='lat' dir='ltr'> </span> 
     </span>
    </p>
   </div>
  </div>
 </body>
</html>
