<?xml version="1.0" encoding="UTF-8"?>
<!DOCTYPE html PUBLIC "-//W3C//DTD XHTML 1.0 Transitional//EN"
    "http://www.w3.org/TR/xhtml1/DTD/xhtml1-transitional.dtd">
<html xmlns="http://www.w3.org/1999/xhtml" xml:lang="en" lang="en">
 <head>
  <title>
</title>
<meta http-equiv="Content-Type" content="text/html;charset=utf-8" />
  <meta name='ocr-system' content='tesseract 3.04.00' />
  <meta name='ocr-capabilities' content='ocr_page ocr_carea ocr_par ocr_line ocrx_word'/>
</head>
<body>
  <div class='ocr_page' id='page_1' title='image "./nicephorigregor07schogoog_0064.png"; bbox 0 0 2992 4918; ppageno 0'>
   <div class='ocr_carea' id='block_1_1' title="bbox 282 329 1209 416">
    <p class='ocr_par' dir='ltr' id='par_1_1' title="bbox 282 329 1209 416">
     <span class='ocr_line' id='line_1_1' title="bbox 282 329 1209 416; baseline -0.002 -2"><span class='ocrx_word' id='word_1_1' title='bbox 282 346 502 414; x_wconf 81' lang='lat' dir='ltr'><strong>msromnn</strong></span> <span class='ocrx_word' id='word_1_2' title='bbox 531 331 982 414; x_wconf 65' lang='lat' dir='ltr'><strong>nummismata.</strong></span> <span class='ocrx_word' id='word_1_3' title='bbox 1006 329 1072 416; x_wconf 81' lang='grc'><strong>17.</strong></span> <span class='ocrx_word' id='word_1_4' title='bbox 1162 331 1209 412; x_wconf 80' lang='grc' dir='ltr'><strong>λι</strong></span> 
     </span>
    </p>
   </div>
   <div class='ocr_carea' id='block_1_2' title="bbox 18 509 1353 2816">
    <p class='ocr_par' dir='ltr' id='par_1_2' title="bbox 18 509 1353 2816">
     <span class='ocr_line' id='line_1_2' title="bbox 121 509 1211 596; baseline -0.002 -22"><span class='ocrx_word' id='word_1_5' title='bbox 121 513 227 594; x_wconf 89' lang='grc' dir='ltr'><strong><em>ριιέναι</em></strong></span> <span class='ocrx_word' id='word_1_6' title='bbox 248 512 305 594; x_wconf 79' lang='grc' dir='ltr'><strong>τῆς</strong></span> <span class='ocrx_word' id='word_1_7' title='bbox 331 509 426 593; x_wconf 80' lang='grc' dir='ltr'><strong><em>νήσου</em></strong></span> <span class='ocrx_word' id='word_1_8' title='bbox 448 509 557 592; x_wconf 87' lang='grc' dir='ltr'><strong><em>ιιοάμας</em></strong></span> <span class='ocrx_word' id='word_1_9' title='bbox 577 511 632 574; x_wconf 87' lang='grc' dir='ltr'><strong><em>ιιιιί</em></strong></span> <span class='ocrx_word' id='word_1_10' title='bbox 654 515 810 583; x_wconf 71' lang='grc' dir='ltr'><strong><em>πολιτείας</em></strong></span> <span class='ocrx_word' id='word_1_11' title='bbox 833 514 888 574; x_wconf 81' lang='grc' dir='ltr'><strong><em>καί</em></strong></span> <span class='ocrx_word' id='word_1_12' title='bbox 914 509 1211 596; x_wconf 83' lang='grc' dir='ltr'><strong><em>πόλεις·γεγένηται.</em></strong></span> 
     </span>
     <span class='ocr_line' id='line_1_3' title="bbox 121 609 1216 696; baseline 0 -22"><span class='ocrx_word' id='word_1_13' title='bbox 121 609 171 676; x_wconf 83' lang='grc' dir='ltr'><strong>ναί</strong></span> <span class='ocrx_word' id='word_1_14' title='bbox 189 616 247 690; x_wconf 84' lang='grc' dir='ltr'><strong><em>μὲν</em></strong></span> <span class='ocrx_word' id='word_1_15' title='bbox 270 609 311 696; x_wconf 80' lang='grc' dir='ltr'><strong>δη</strong></span> <span class='ocrx_word' id='word_1_16' title='bbox 343 609 396 674; x_wconf 81' lang='grc' dir='ltr'><strong><em>καί</em></strong></span> <span class='ocrx_word' id='word_1_17' title='bbox 417 610 562 695; x_wconf 82' lang='grc' dir='ltr'><strong><em>έθεάμην</em></strong></span> <span class='ocrx_word' id='word_1_18' title='bbox 581 611 614 676; x_wconf 86' lang='grc' dir='ltr'><strong>τά</strong></span> <span class='ocrx_word' id='word_1_19' title='bbox 650 614 712 675; x_wconf 84' lang='grc' dir='ltr'><strong><em>πᾶν</em></strong></span> <span class='ocrx_word' id='word_1_20' title='bbox 735 615 804 678; x_wconf 79' lang='grc' dir='ltr'><strong><em>ἐκεῖ</em></strong></span> <span class='ocrx_word' id='word_1_21' title='bbox 820 617 909 695; x_wconf 83' lang='grc' dir='ltr'><strong><em>γένος</em></strong></span> <span class='ocrx_word' id='word_1_22' title='bbox 933 616 989 694; x_wconf 81' lang='grc' dir='ltr'><strong>τῆς</strong></span> <span class='ocrx_word' id='word_1_23' title='bbox 1010 613 1117 696; x_wconf 89' lang='grc' dir='ltr'><strong><em>νη’σου,</em></strong></span> <span class='ocrx_word' id='word_1_24' title='bbox 1133 609 1216 676; x_wconf 81' lang='grc' dir='ltr'><strong><em>Ῥαο-</em></strong></span> 
     </span>
     <span class='ocr_line' id='line_1_4' title="bbox 119 702 1216 801; baseline -0.002 -23"><span class='ocrx_word' id='word_1_25' title='bbox 119 713 227 794; x_wconf 89' lang='grc' dir='ltr'><strong><em>μαίους</em></strong></span> <span class='ocrx_word' id='word_1_26' title='bbox 251 702 363 792; x_wconf 76' lang='grc' dir='ltr'><strong><em>ὄντας,</em></strong></span> <span class='ocrx_word' id='word_1_27' title='bbox 394 712 488 801; x_wconf 84' lang='grc' dir='ltr'><strong><em>δλίγηι</em></strong></span> <span class='ocrx_word' id='word_1_28' title='bbox 521 716 584 778; x_wconf 86' lang='grc' dir='ltr'><strong>δέω</strong></span> <span class='ocrx_word' id='word_1_29' title='bbox 615 716 731 794; x_wconf 88' lang='grc' dir='ltr'><strong><em>λέγειν,</em></strong></span> <span class='ocrx_word' id='word_1_30' title='bbox 765 715 820 777; x_wconf 89' lang='grc' dir='ltr'><strong><em>ιιαί</em></strong></span> <span class='ocrx_word' id='word_1_31' title='bbox 850 712 907 796; x_wconf 77' lang='grc' dir='ltr'><strong>την</strong></span> <span class='ocrx_word' id='word_1_32' title='bbox 928 716 983 796; x_wconf 72' lang='grc' dir='ltr'><strong>τῆς</strong></span> <span class='ocrx_word' id='word_1_33' title='bbox 1006 712 1216 795; x_wconf 78' lang='grc' dir='ltr'><strong><em>πατρίουπά·</em></strong></span> 
     </span>
     <span class='ocr_line' id='line_1_5' title="bbox 121 811 1218 899; baseline -0.002 -21"><span class='ocrx_word' id='word_1_34' title='bbox 121 836 210 888; x_wconf 82' lang='grc' dir='ltr'><strong><em>στοας</em></strong></span> <span class='ocrx_word' id='word_1_35' title='bbox 240 813 410 894; x_wconf 69' lang='grc' dir='ltr'><strong><em>εὐσέβειαν</em></strong></span> <span class='ocrx_word' id='word_1_36' title='bbox 427 818 562 895; x_wconf 76' lang='grc' dir='ltr'><strong>βεβαίαν</strong></span> <span class='ocrx_word' id='word_1_37' title='bbox 590 818 625 879; x_wconf 88' lang='grc' dir='ltr'><strong>έιι</strong></span> <span class='ocrx_word' id='word_1_38' title='bbox 643 814 797 896; x_wconf 79' lang='grc' dir='ltr'><strong>διαδοχῆς</strong></span> <span class='ocrx_word' id='word_1_39' title='bbox 818 815 871 878; x_wconf 83' lang='grc' dir='ltr'><strong>αἐί</strong></span> <span class='ocrx_word' id='word_1_40' title='bbox 897 817 1119 899; x_wconf 77' lang='grc' dir='ltr'><strong>κεκτημένους·</strong></span> <span class='ocrx_word' id='word_1_41' title='bbox 1163 811 1218 876; x_wconf 81' lang='grc' dir='ltr'><strong><em>καί</em></strong></span> 
     </span>
     <span class='ocr_line' id='line_1_6' title="bbox 99 909 1216 1005; baseline 0.002 -29"><span class='ocrx_word' id='word_1_42' title='bbox 99 931 169 996; x_wconf 69' lang='lat' dir='ltr'><strong>snos</strong></span> <span class='ocrx_word' id='word_1_43' title='bbox 188 919 373 1005; x_wconf 75' lang='grc' dir='ltr'><strong><em>βουλομένῳ</em></strong></span> <span class='ocrx_word' id='word_1_44' title='bbox 388 938 423 997; x_wconf 88' lang='grc' dir='ltr'><strong><em>γε</em></strong></span> <span class='ocrx_word' id='word_1_45' title='bbox 444 909 482 998; x_wconf 79' lang='grc' dir='ltr'><strong><em>ἦν</em></strong></span> <span class='ocrx_word' id='word_1_46' title='bbox 498 919 625 981; x_wconf 75' lang='grc' dir='ltr'><strong>πλείονα</strong></span> <span class='ocrx_word' id='word_1_47' title='bbox 635 911 752 998; x_wconf 81' lang='grc' dir='ltr'><strong><em>χρόνον</em></strong></span> <span class='ocrx_word' id='word_1_48' title='bbox 765 917 833 979; x_wconf 80' lang='grc' dir='ltr'><strong><em>ἐκεῖ</em></strong></span> <span class='ocrx_word' id='word_1_49' title='bbox 849 916 1087 1000; x_wconf 77' lang='grc' dir='ltr'><strong><em>διατετριφέναι</em></strong></span> <span class='ocrx_word' id='word_1_50' title='bbox 1107 918 1216 980; x_wconf 86' lang='grc' dir='ltr'><strong><em>πλείο-</em></strong></span> 
     </span>
     <span class='ocr_line' id='line_1_7' title="bbox 119 1012 1353 1100; baseline 0 -20"><span class='ocrx_word' id='word_1_51' title='bbox 119 1039 165 1092; x_wconf 89' lang='grc' dir='ltr'><strong>νος</strong></span> <span class='ocrx_word' id='word_1_52' title='bbox 194 1015 283 1081; x_wconf 77' lang='grc' dir='ltr'><strong><em>ἕνεκα</em></strong></span> <span class='ocrx_word' id='word_1_53' title='bbox 310 1019 335 1056; x_wconf 82' lang='lat'><strong>“</strong></span> <span class='ocrx_word' id='word_1_54' title='bbox 355 1019 411 1080; x_wconf 86' lang='grc' dir='ltr'><strong><em>καί</em></strong></span> <span class='ocrx_word' id='word_1_55' title='bbox 439 1021 629 1097; x_wconf 75' lang='grc' dir='ltr'><strong>τελειοτέρας</strong></span> <span class='ocrx_word' id='word_1_56' title='bbox 661 1020 724 1081; x_wconf 71' lang='grc' dir='ltr'><strong><em>τοῖν</em></strong></span> <span class='ocrx_word' id='word_1_57' title='bbox 751 1019 819 1080; x_wconf 78' lang='grc' dir='ltr'><strong><em>ένει·</em></strong></span> <span class='ocrx_word' id='word_1_58' title='bbox 845 1015 1041 1100; x_wconf 72' lang='grc' dir='ltr'><strong><em>πραγμάτων</em></strong></span> <span class='ocrx_word' id='word_1_59' title='bbox 1064 1012 1353 1098; x_wconf 70' lang='lat' dir='ltr'><strong>iosoqr&#39;uc.1.104n.</strong></span> 
     </span>
     <span class='ocr_line' id='line_1_8' title="bbox 119 1099 1238 1203; baseline -0.003 -22"><span class='ocrx_word' id='word_1_60' title='bbox 119 1121 180 1182; x_wconf 88' lang='grc' dir='ltr'><strong><em>άλλ’</em></strong></span> <span class='ocrx_word' id='word_1_61' title='bbox 201 1118 359 1202; x_wconf 27' lang='grc' dir='ltr'><strong><em>,α’νεσδβει</em></strong></span> <span class='ocrx_word' id='word_1_62' title='bbox 388 1142 444 1197; x_wconf 91' lang='grc' dir='ltr'><strong><em>μοι</em></strong></span> <span class='ocrx_word' id='word_1_63' title='bbox 476 1115 532 1200; x_wconf 75' lang='grc' dir='ltr'><strong>την</strong></span> <span class='ocrx_word' id='word_1_64' title='bbox 565 1118 719 1200; x_wconf 80' lang='grc' dir='ltr'><strong><em>βούλησιν</em></strong></span> <span class='ocrx_word' id='word_1_65' title='bbox 748 1116 765 1179; x_wconf 86' lang='grc' dir='ltr'><strong><em>ά</em></strong></span> <span class='ocrx_word' id='word_1_66' title='bbox 798 1121 969 1203; x_wconf 80' lang='grc' dir='ltr'><strong><em>τηνικαῦτα</em></strong></span> <span class='ocrx_word' id='word_1_67' title='bbox 997 1099 1238 1198; x_wconf 61' lang='grc' dir='ltr'><strong><em>μελεέοάμενος,</em></strong></span> 
     </span>
     <span class='ocr_line' id='line_1_9' title="bbox 121 1213 1217 1302; baseline 0.002 -21"><span class='ocrx_word' id='word_1_68' title='bbox 121 1215 257 1302; x_wconf 83' lang='grc' dir='ltr'><strong><em>θόρυβος</em></strong></span> <span class='ocrx_word' id='word_1_69' title='bbox 284 1222 351 1282; x_wconf 75' lang='grc' dir='ltr'><strong>τῶν</strong></span> <span class='ocrx_word' id='word_1_70' title='bbox 366 1242 399 1282; x_wconf 88' lang='grc' dir='ltr'><strong>τε</strong></span> <span class='ocrx_word' id='word_1_71' title='bbox 423 1213 524 1283; x_wconf 82' lang='grc' dir='ltr'><strong><em>ὅπλων</em></strong></span> <span class='ocrx_word' id='word_1_72' title='bbox 547 1218 602 1282; x_wconf 81' lang='grc' dir='ltr'><strong><em>καί</em></strong></span> <span class='ocrx_word' id='word_1_73' title='bbox 621 1221 684 1282; x_wconf 76' lang='grc' dir='ltr'><strong>τῶν</strong></span> <span class='ocrx_word' id='word_1_74' title='bbox 709 1220 1019 1300; x_wconf 83' lang='grc' dir='ltr'><strong><em>έκεῖστρατιοοτιιιοδν</em></strong></span> <span class='ocrx_word' id='word_1_75' title='bbox 1041 1217 1217 1298; x_wconf 75' lang='grc' dir='ltr'><strong><em>δυνάμεων.</em></strong></span> 
     </span>
     <span class='ocr_line' id='line_1_10' title="bbox 119 1311 1216 1403; baseline -0.001 -22"><span class='ocrx_word' id='word_1_76' title='bbox 119 1312 154 1400; x_wconf 72' lang='grc' dir='ltr'><strong><em>ἦν</em></strong></span> <span class='ocrx_word' id='word_1_77' title='bbox 171 1313 231 1402; x_wconf 87' lang='grc' dir='ltr'><strong>γάρ</strong></span> <span class='ocrx_word' id='word_1_78' title='bbox 267 1317 287 1401; x_wconf 81' lang='grc' dir='ltr'><em>ἦ</em></span> <span class='ocrx_word' id='word_1_79' title='bbox 313 1321 406 1400; x_wconf 85' lang='grc' dir='ltr'><strong><em>νῆσος</em></strong></span> <span class='ocrx_word' id='word_1_80' title='bbox 437 1321 471 1382; x_wconf 86' lang='grc' dir='ltr'><strong><em>εἰι</em></strong></span> <span class='ocrx_word' id='word_1_81' title='bbox 500 1321 621 1381; x_wconf 78' lang='grc' dir='ltr'><strong><em>πολλοῦ</em></strong></span> <span class='ocrx_word' id='word_1_82' title='bbox 655 1326 838 1403; x_wconf 78' lang='grc' dir='ltr'><strong><em>συμφοραῖς</em></strong></span> <span class='ocrx_word' id='word_1_83' title='bbox 860 1316 1093 1400; x_wconf 85' lang='grc' dir='ltr'><strong><em>έντετυχηιινῖα,</em></strong></span> <span class='ocrx_word' id='word_1_84' title='bbox 1112 1317 1154 1381; x_wconf 86' lang='grc' dir='ltr'><strong>δι’</strong></span> <span class='ocrx_word' id='word_1_85' title='bbox 1177 1311 1216 1393; x_wconf 82' lang='grc' dir='ltr'><strong>άς</strong></span> 
     </span>
     <span class='ocr_line' id='line_1_11' title="bbox 83 1414 1216 1508; baseline 0.002 -29"><span class='ocrx_word' id='word_1_86' title='bbox 83 1425 302 1493; x_wconf 81' lang='grc' dir='ltr'><strong><em>λθΛατινικσῖς</em></strong></span> <span class='ocrx_word' id='word_1_87' title='bbox 325 1414 433 1493; x_wconf 79' lang='grc' dir='ltr'><strong><em>ὅπλοις</em></strong></span> <span class='ocrx_word' id='word_1_88' title='bbox 453 1417 656 1484; x_wconf 77' lang='grc' dir='ltr'><strong><em>δουλεύουσα</em></strong></span> <span class='ocrx_word' id='word_1_89' title='bbox 680 1420 722 1508; x_wconf 76' lang='grc' dir='ltr'><strong>τῷ</strong></span> <span class='ocrx_word' id='word_1_90' title='bbox 740 1422 794 1503; x_wconf 79' lang='grc' dir='ltr'><strong>της</strong></span> <span class='ocrx_word' id='word_1_91' title='bbox 817 1422 970 1492; x_wconf 89' lang='grc' dir='ltr'><strong><em>Βενετιάς</em></strong></span> <span class='ocrx_word' id='word_1_92' title='bbox 992 1414 1135 1498; x_wconf 77' lang='grc' dir='ltr'><strong><em>άπέιιυψε</em></strong></span> <span class='ocrx_word' id='word_1_93' title='bbox 1156 1419 1216 1501; x_wconf 90' lang='grc' dir='ltr'><strong>δη-</strong></span> 
     </span>
     <span class='ocr_line' id='line_1_12' title="bbox 116 1516 1216 1608; baseline 0.004 -28"><span class='ocrx_word' id='word_1_94' title='bbox 116 1521 209 1608; x_wconf 84' lang='grc' dir='ltr'><strong><em>μοσίφ</em></strong></span> <span class='ocrx_word' id='word_1_95' title='bbox 232 1519 467 1605; x_wconf 88' lang='grc' dir='ltr'><strong><em>προστάγματι.</em></strong></span> <span class='ocrx_word' id='word_1_96' title='bbox 511 1516 585 1602; x_wconf 86' lang='grc' dir='ltr'><strong><em>άρτι</em></strong></span> <span class='ocrx_word' id='word_1_97' title='bbox 607 1524 712 1586; x_wconf 81' lang='grc' dir='ltr'><strong><em>τοίνυν</em></strong></span> <span class='ocrx_word' id='word_1_98' title='bbox 734 1519 843 1607; x_wconf 76' lang='grc' dir='ltr'><strong><em>φήμης</em></strong></span> <span class='ocrx_word' id='word_1_99' title='bbox 863 1524 1010 1604; x_wconf 80' lang='grc' dir='ltr'><strong><em>γεθείσης</em></strong></span> <span class='ocrx_word' id='word_1_100' title='bbox 1033 1520 1088 1583; x_wconf 86' lang='grc' dir='ltr'><strong>έπί</strong></span> <span class='ocrx_word' id='word_1_101' title='bbox 1111 1520 1216 1584; x_wconf 78' lang='grc' dir='ltr'><strong><em>πᾶσαν</em></strong></span> 
     </span>
     <span class='ocr_line' id='line_1_13' title="bbox 18 1613 1215 1706; baseline 0 -22"><span class='ocrx_word' id='word_1_102' title='bbox 18 1673 20 1678; x_wconf 88' lang='grc'>.</span> <span class='ocrx_word' id='word_1_103' title='bbox 118 1613 242 1702; x_wconf 72' lang='grc' dir='ltr'><strong><em>η’πειράν</em></strong></span> <span class='ocrx_word' id='word_1_104' title='bbox 262 1644 299 1684; x_wconf 88' lang='grc' dir='ltr'><strong>τε</strong></span> <span class='ocrx_word' id='word_1_105' title='bbox 323 1624 488 1702; x_wconf 77' lang='grc' dir='ltr'><strong><em>ιιαίνῆσον</em></strong></span> <span class='ocrx_word' id='word_1_106' title='bbox 512 1621 556 1697; x_wconf 76' lang='grc' dir='ltr'><strong>ὥς</strong></span> <span class='ocrx_word' id='word_1_107' title='bbox 578 1619 608 1686; x_wconf 84' lang='grc' dir='ltr'><strong><em>οἱ</em></strong></span> <span class='ocrx_word' id='word_1_108' title='bbox 623 1619 657 1686; x_wconf 83' lang='grc' dir='ltr'><strong>τά</strong></span> <span class='ocrx_word' id='word_1_109' title='bbox 672 1626 702 1686; x_wconf 87' lang='grc' dir='ltr'><em>Γ</em></span> <span class='ocrx_word' id='word_1_110' title='bbox 701 1621 911 1703; x_wconf 84' lang='grc' dir='ltr'><strong><em>αλατάνυμον</em></strong></span> <span class='ocrx_word' id='word_1_111' title='bbox 933 1623 1091 1696; x_wconf 78' lang='grc' dir='ltr'><strong><em>οἰκοῦντες</em></strong></span> <span class='ocrx_word' id='word_1_112' title='bbox 1112 1621 1215 1706; x_wconf 85' lang='grc' dir='ltr'><strong><em>φροά-</em></strong></span> 
     </span>
     <span class='ocr_line' id='line_1_14' title="bbox 118 1721 1217 1806; baseline 0.004 -24"><span class='ocrx_word' id='word_1_113' title='bbox 118 1743 179 1802; x_wconf 92' lang='grc' dir='ltr'><strong><em>ριον</em></strong></span> <span class='ocrx_word' id='word_1_114' title='bbox 200 1723 421 1804; x_wconf 82' lang='grc' dir='ltr'><strong><em>άστυγείτονες</em></strong></span> <span class='ocrx_word' id='word_1_115' title='bbox 443 1725 473 1785; x_wconf 88' lang='grc' dir='ltr'><em>Γ</em></span> <span class='ocrx_word' id='word_1_116' title='bbox 472 1731 640 1804; x_wconf 82' lang='grc' dir='ltr'><strong><em>εννουῖται,</em></strong></span> <span class='ocrx_word' id='word_1_117' title='bbox 664 1721 983 1806; x_wconf 80' lang='grc' dir='ltr'><strong><em>παρασπονδήσαντές</em></strong></span> <span class='ocrx_word' id='word_1_118' title='bbox 1003 1744 1036 1786; x_wconf 87' lang='grc' dir='ltr'><strong>τε</strong></span> <span class='ocrx_word' id='word_1_119' title='bbox 1060 1724 1115 1787; x_wconf 85' lang='grc' dir='ltr'><strong><em>ιιιιί</em></strong></span> <span class='ocrx_word' id='word_1_120' title='bbox 1134 1725 1217 1786; x_wconf 80' lang='grc' dir='ltr'><strong><em>ἐπα-</em></strong></span> 
     </span>
     <span class='ocr_line' id='line_1_15' title="bbox 118 1820 1214 1909; baseline 0.004 -27"><span class='ocrx_word' id='word_1_121' title='bbox 118 1821 285 1896; x_wconf 87' lang='grc' dir='ltr'><strong><em>ναστάντες</em></strong></span> <span class='ocrx_word' id='word_1_122' title='bbox 306 1831 371 1896; x_wconf 81' lang='grc' dir='ltr'><strong><em>τοῖς</em></strong></span> <span class='ocrx_word' id='word_1_123' title='bbox 384 1821 583 1903; x_wconf 73' lang='grc' dir='ltr'><strong><em>Βυζαντίοις,</em></strong></span> <span class='ocrx_word' id='word_1_124' title='bbox 597 1826 681 1909; x_wconf 82' lang='grc' dir='ltr'><strong><em>σφοῖς</em></strong></span> <span class='ocrx_word' id='word_1_125' title='bbox 693 1846 726 1889; x_wconf 89' lang='grc' dir='ltr'><strong>τε</strong></span> <span class='ocrx_word' id='word_1_126' title='bbox 748 1823 1014 1906; x_wconf 74' lang='grc' dir='ltr'><strong><em>ναυμαχήσαντες</em></strong></span> <span class='ocrx_word' id='word_1_127' title='bbox 1035 1820 1214 1906; x_wconf 75' lang='grc' dir='ltr'><strong><em>νενικήκασι</em></strong></span> 
     </span>
     <span class='ocr_line' id='line_1_16' title="bbox 84 1919 1216 2008; baseline 0.008 -30"><span class='ocrx_word' id='word_1_128' title='bbox 84 1926 165 1985; x_wconf 74' lang='grc' dir='ltr'><strong><em>λῡναί</em></strong></span> <span class='ocrx_word' id='word_1_129' title='bbox 184 1919 254 2003; x_wconf 76' lang='grc' dir='ltr'><strong><em>α”μα</em></strong></span> <span class='ocrx_word' id='word_1_130' title='bbox 280 1921 445 2008; x_wconf 78' lang='grc' dir='ltr'><strong><em>θαλάσσης</em></strong></span> <span class='ocrx_word' id='word_1_131' title='bbox 469 1920 542 2007; x_wconf 83' lang='grc' dir='ltr'><strong><em>άλης</em></strong></span> <span class='ocrx_word' id='word_1_132' title='bbox 566 1925 734 2006; x_wconf 78' lang='grc' dir='ltr'><strong><em>ἡγεμονίαν</em></strong></span> <span class='ocrx_word' id='word_1_133' title='bbox 756 1925 1021 2007; x_wconf 86' lang='grc' dir='ltr'><strong><em>α’νειροπάλησαν,</em></strong></span> <span class='ocrx_word' id='word_1_134' title='bbox 1042 1923 1085 1998; x_wconf 75' lang='grc' dir='ltr'><strong>ὥς</strong></span> <span class='ocrx_word' id='word_1_135' title='bbox 1104 1926 1216 2008; x_wconf 80' lang='grc' dir='ltr'><strong><em>μηκέτι</em></strong></span> 
     </span>
     <span class='ocr_line' id='line_1_17' title="bbox 118 2018 1216 2109; baseline -0.002 -21"><span class='ocrx_word' id='word_1_136' title='bbox 118 2020 188 2106; x_wconf 72' lang='grc' dir='ltr'><strong><em>μήτε</em></strong></span> <span class='ocrx_word' id='word_1_137' title='bbox 217 2023 395 2098; x_wconf 83' lang='grc' dir='ltr'><strong><em>ιιαθειιτσάς</em></strong></span> <span class='ocrx_word' id='word_1_138' title='bbox 430 2018 512 2089; x_wconf 77' lang='grc' dir='ltr'><strong><em>εἶναι</em></strong></span> <span class='ocrx_word' id='word_1_139' title='bbox 541 2023 621 2108; x_wconf 75' lang='grc' dir='ltr'><strong><em>μήτε</em></strong></span> <span class='ocrx_word' id='word_1_140' title='bbox 648 2028 712 2107; x_wconf 76' lang='grc' dir='ltr'><strong><em>μὴν</em></strong></span> <span class='ocrx_word' id='word_1_141' title='bbox 745 2020 813 2090; x_wconf 76' lang='grc' dir='ltr'><strong><em>οὐδ’</em></strong></span> <span class='ocrx_word' id='word_1_142' title='bbox 842 2021 1017 2109; x_wconf 84' lang='grc' dir='ltr'><strong><em>άμσφάλοις</em></strong></span> <span class='ocrx_word' id='word_1_143' title='bbox 1042 2021 1089 2088; x_wconf 82' lang='grc' dir='ltr'><strong>ἔτι</strong></span> <span class='ocrx_word' id='word_1_144' title='bbox 1110 2028 1216 2105; x_wconf 82' lang='grc' dir='ltr'><strong><em>μένειν</em></strong></span> 
     </span>
     <span class='ocr_line' id='line_1_18' title="bbox 118 2117 1217 2210; baseline 0 -24"><span class='ocrx_word' id='word_1_145' title='bbox 118 2124 308 2200; x_wconf 79' lang='grc' dir='ltr'><strong><em>ἐνσπόνδους</em></strong></span> <span class='ocrx_word' id='word_1_146' title='bbox 330 2127 468 2205; x_wconf 78' lang='grc' dir='ltr'><strong><em>ἐθέλειν,</em></strong></span> <span class='ocrx_word' id='word_1_147' title='bbox 499 2124 579 2190; x_wconf 84' lang='grc' dir='ltr'><strong><em>άλλά</em></strong></span> <span class='ocrx_word' id='word_1_148' title='bbox 610 2123 751 2210; x_wconf 80' lang='grc' dir='ltr'><strong><em>σκληράν</em></strong></span> <span class='ocrx_word' id='word_1_149' title='bbox 780 2125 835 2190; x_wconf 83' lang='grc' dir='ltr'><strong><em>καί</em></strong></span> <span class='ocrx_word' id='word_1_150' title='bbox 862 2117 928 2192; x_wconf 76' lang='grc' dir='ltr'><strong><em>οἷον</em></strong></span> <span class='ocrx_word' id='word_1_151' title='bbox 950 2127 1049 2189; x_wconf 82' lang='grc' dir='ltr'><strong><em>εἰπεῖν</em></strong></span> <span class='ocrx_word' id='word_1_152' title='bbox 1068 2119 1217 2207; x_wconf 73' lang='grc' dir='ltr'><strong><em>ἡγεμονι-</em></strong></span> 
     </span>
     <span class='ocr_line' id='line_1_19' title="bbox 119 2219 1217 2310; baseline 0.003 -26"><span class='ocrx_word' id='word_1_153' title='bbox 119 2219 169 2305; x_wconf 74' lang='grc' dir='ltr'><strong>νην</strong></span> <span class='ocrx_word' id='word_1_154' title='bbox 188 2223 248 2308; x_wconf 78' lang='grc' dir='ltr'><strong><em>τήν</em></strong></span> <span class='ocrx_word' id='word_1_155' title='bbox 286 2222 391 2310; x_wconf 84' lang='grc' dir='ltr'><strong><em>άφράν</em></strong></span> <span class='ocrx_word' id='word_1_156' title='bbox 420 2222 500 2292; x_wconf 87' lang='grc' dir='ltr'><strong><em>κατά</em></strong></span> <span class='ocrx_word' id='word_1_157' title='bbox 523 2226 650 2290; x_wconf 86' lang='grc' dir='ltr'><strong><em>πάντων</em></strong></span> <span class='ocrx_word' id='word_1_158' title='bbox 681 2219 752 2289; x_wconf 79' lang='grc' dir='ltr'><strong><em>ὅσοι</em></strong></span> <span class='ocrx_word' id='word_1_159' title='bbox 779 2223 952 2290; x_wconf 76' lang='grc' dir='ltr'><strong><em>θαλάττιον</em></strong></span> <span class='ocrx_word' id='word_1_160' title='bbox 972 2227 1126 2306; x_wconf 78' lang='grc' dir='ltr'><strong><em>βόσκουσι</em></strong></span> <span class='ocrx_word' id='word_1_161' title='bbox 1147 2222 1217 2304; x_wconf 88' lang='grc' dir='ltr'><strong><em>βίον</em></strong></span> 
     </span>
     <span class='ocr_line' id='line_1_20' title="bbox 119 2320 1218 2410; baseline 0.002 -24"><span class='ocrx_word' id='word_1_162' title='bbox 119 2323 405 2407; x_wconf 87' lang='grc' dir='ltr'><strong><em>έπανατείνασθαι,</em></strong></span> <span class='ocrx_word' id='word_1_163' title='bbox 428 2330 635 2410; x_wconf 76' lang='grc' dir='ltr'><strong><em>ταραχθῆναί</em></strong></span> <span class='ocrx_word' id='word_1_164' title='bbox 660 2351 694 2392; x_wconf 87' lang='grc' dir='ltr'><strong>τε</strong></span> <span class='ocrx_word' id='word_1_165' title='bbox 717 2321 774 2390; x_wconf 73' lang='grc' dir='ltr'><strong>οὖν</strong></span> <span class='ocrx_word' id='word_1_166' title='bbox 797 2322 932 2402; x_wconf 81' lang='grc' dir='ltr'><strong><em>πολλοάς</em></strong></span> <span class='ocrx_word' id='word_1_167' title='bbox 961 2320 1014 2390; x_wconf 90' lang='grc' dir='ltr'><strong>διά</strong></span> <span class='ocrx_word' id='word_1_168' title='bbox 1037 2326 1139 2390; x_wconf 77' lang='grc' dir='ltr'><strong><em>ταῦτα</em></strong></span> <span class='ocrx_word' id='word_1_169' title='bbox 1162 2326 1218 2390; x_wconf 77' lang='grc' dir='ltr'><strong><em>κατ’</em></strong></span> 
     </span>
     <span class='ocr_line' id='line_1_21' title="bbox 85 2422 1217 2511; baseline 0.004 -26"><span class='ocrx_word' id='word_1_170' title='bbox 85 2422 240 2494; x_wconf 73' lang='lat' dir='ltr'><strong>tantvm</strong></span> <span class='ocrx_word' id='word_1_171' title='bbox 263 2424 406 2510; x_wconf 86' lang='grc' dir='ltr'><strong><em>μάλιστα</em></strong></span> <span class='ocrx_word' id='word_1_172' title='bbox 427 2423 625 2509; x_wconf 84' lang='grc' dir='ltr'><strong><em>Βενετιιτοάς,</em></strong></span> <span class='ocrx_word' id='word_1_173' title='bbox 646 2428 788 2511; x_wconf 83' lang='grc' dir='ltr'><strong><em>μεγάλας</em></strong></span> <span class='ocrx_word' id='word_1_174' title='bbox 809 2429 868 2507; x_wconf 80' lang='grc' dir='ltr'><strong><em>μὲν</em></strong></span> <span class='ocrx_word' id='word_1_175' title='bbox 892 2426 1058 2510; x_wconf 76' lang='grc' dir='ltr'><strong><em>ἐξορούειν</em></strong></span> <span class='ocrx_word' id='word_1_176' title='bbox 1079 2429 1113 2490; x_wconf 86' lang='grc' dir='ltr'><strong><em>έν</em></strong></span> <span class='ocrx_word' id='word_1_177' title='bbox 1132 2430 1217 2510; x_wconf 87' lang='grc' dir='ltr'><strong><em>βρα-</em></strong></span> 
     </span>
     <span class='ocr_line' id='line_1_22' title="bbox 119 2526 1218 2613; baseline 0.004 -27"><span class='ocrx_word' id='word_1_178' title='bbox 119 2534 169 2608; x_wconf 84' lang='grc' dir='ltr'><strong><em>χεῖ</em></strong></span> <span class='ocrx_word' id='word_1_179' title='bbox 186 2526 340 2602; x_wconf 80' lang='grc' dir='ltr'><strong><em>ναυτικάς</em></strong></span> <span class='ocrx_word' id='word_1_180' title='bbox 362 2531 559 2610; x_wconf 85' lang='grc' dir='ltr'><strong><em>δυναμένους</em></strong></span> <span class='ocrx_word' id='word_1_181' title='bbox 579 2530 749 2610; x_wconf 85' lang='grc' dir='ltr'><strong><em>δυνάμεις,</em></strong></span> <span class='ocrx_word' id='word_1_182' title='bbox 767 2533 849 2612; x_wconf 85' lang='grc' dir='ltr'><strong><em>μέγα</em></strong></span> <span class='ocrx_word' id='word_1_183' title='bbox 872 2530 907 2594; x_wconf 81' lang='grc' dir='ltr'><strong>δὲ</strong></span> <span class='ocrx_word' id='word_1_184' title='bbox 939 2526 992 2591; x_wconf 90' lang='grc' dir='ltr'><strong>διά</strong></span> <span class='ocrx_word' id='word_1_185' title='bbox 1018 2530 1109 2592; x_wconf 75' lang='grc' dir='ltr'><strong><em>τοῦτο</em></strong></span> <span class='ocrx_word' id='word_1_186' title='bbox 1133 2549 1218 2613; x_wconf 90' lang='grc' dir='ltr'><strong><em>φρο-</em></strong></span> 
     </span>
     <span class='ocr_line' id='line_1_23' title="bbox 122 2622 1218 2716; baseline 0.002 -26"><span class='ocrx_word' id='word_1_187' title='bbox 122 2635 179 2692; x_wconf 83' lang='grc' dir='ltr'><strong><em>νεῖν</em></strong></span> <span class='ocrx_word' id='word_1_188' title='bbox 198 2625 346 2713; x_wconf 82' lang='grc' dir='ltr'><strong><em>ἔχοντας,</em></strong></span> <span class='ocrx_word' id='word_1_189' title='bbox 369 2626 478 2695; x_wconf 78' lang='grc' dir='ltr'><strong><em>ἔπειτα</em></strong></span> <span class='ocrx_word' id='word_1_190' title='bbox 502 2629 589 2716; x_wconf 89' lang='grc' dir='ltr'><strong><em>παρά</em></strong></span> <span class='ocrx_word' id='word_1_191' title='bbox 621 2629 715 2710; x_wconf 80' lang='grc' dir='ltr'><strong><em>δόξαν</em></strong></span> <span class='ocrx_word' id='word_1_192' title='bbox 744 2627 798 2694; x_wconf 70' lang='grc' dir='ltr'><strong>ὑπ’</strong></span> <span class='ocrx_word' id='word_1_193' title='bbox 820 2630 948 2694; x_wconf 78' lang='grc' dir='ltr'><strong><em>ἐκείνων</em></strong></span> <span class='ocrx_word' id='word_1_194' title='bbox 971 2622 1032 2714; x_wconf 79' lang='grc' dir='ltr'><strong>ἤδη</strong></span> <span class='ocrx_word' id='word_1_195' title='bbox 1053 2632 1218 2712; x_wconf 77' lang='grc' dir='ltr'><strong><em>κωλυομέ-</em></strong></span> 
     </span>
     <span class='ocr_line' id='line_1_24' title="bbox 122 2723 1217 2816; baseline 0.004 -24"><span class='ocrx_word' id='word_1_196' title='bbox 122 2749 189 2806; x_wconf 87' lang='grc' dir='ltr'><strong><em>νους</em></strong></span> <span class='ocrx_word' id='word_1_197' title='bbox 208 2735 242 2806; x_wconf 83' lang='grc' dir='ltr'><strong>ές</strong></span> <span class='ocrx_word' id='word_1_198' title='bbox 273 2728 330 2796; x_wconf 82' lang='grc' dir='ltr'><strong>τάν</strong></span> <span class='ocrx_word' id='word_1_199' title='bbox 362 2723 426 2796; x_wconf 83' lang='grc' dir='ltr'><strong><em>άνοο</em></strong></span> <span class='ocrx_word' id='word_1_200' title='bbox 452 2733 550 2798; x_wconf 87' lang='grc' dir='ltr'><strong><em>τάπον</em></strong></span> <span class='ocrx_word' id='word_1_201' title='bbox 582 2733 637 2797; x_wconf 81' lang='grc' dir='ltr'><strong><em>κατ’</em></strong></span> <span class='ocrx_word' id='word_1_202' title='bbox 659 2729 717 2816; x_wconf 73' lang='grc' dir='ltr'><strong>τὴν</strong></span> <span class='ocrx_word' id='word_1_203' title='bbox 741 2733 893 2798; x_wconf 71' lang='lat' dir='ltr'><strong>Meteiras</strong></span> <span class='ocrx_word' id='word_1_204' title='bbox 916 2734 972 2796; x_wconf 83' lang='grc' dir='ltr'><strong><em>καί</em></strong></span> <span class='ocrx_word' id='word_1_205' title='bbox 1000 2729 1059 2806; x_wconf 83' lang='grc' dir='ltr'><strong>τάς</strong></span> <span class='ocrx_word' id='word_1_206' title='bbox 1086 2728 1217 2813; x_wconf 71' lang='grc' dir='ltr'><strong><em>ἐκβολάς</em></strong></span> 
     </span>
    </p>
   </div>
   <div class='ocr_carea' id='block_1_3' title="bbox 124 2981 1290 4342">
    <p class='ocr_par' dir='ltr' id='par_1_3' title="bbox 124 2981 1290 3769">
     <span class='ocr_line' id='line_1_25' title="bbox 124 2981 1216 3056; baseline 0.002 -22"><span class='ocrx_word' id='word_1_207' title='bbox 124 2981 214 3038; x_wconf 76' lang='lat' dir='ltr'><strong>vitatas</strong></span> <span class='ocrx_word' id='word_1_208' title='bbox 236 2982 373 3052; x_wconf 74' lang='lat' dir='ltr'>urbesque</span> <span class='ocrx_word' id='word_1_209' title='bbox 394 3001 473 3054; x_wconf 89' lang='lat' dir='ltr'><strong>quum</strong></span> <span class='ocrx_word' id='word_1_210' title='bbox 492 2986 601 3051; x_wconf 80' lang='lat' dir='ltr'><strong>adirem,</strong></span> <span class='ocrx_word' id='word_1_211' title='bbox 621 2991 705 3038; x_wconf 89' lang='lat' dir='ltr'><strong>totum</strong></span> <span class='ocrx_word' id='word_1_212' title='bbox 723 2999 809 3056; x_wconf 79' lang='lat' dir='ltr'><strong>genus</strong></span> <span class='ocrx_word' id='word_1_213' title='bbox 829 2984 982 3050; x_wconf 88' lang='lat' dir='ltr'><strong>homiuum,</strong></span> <span class='ocrx_word' id='word_1_214' title='bbox 1008 2985 1079 3053; x_wconf 79' lang='lat' dir='ltr'><strong>quod</strong></span> <span class='ocrx_word' id='word_1_215' title='bbox 1102 2982 1216 3037; x_wconf 89' lang='lat' dir='ltr'><strong>insulam</strong></span> 
     </span>
     <span class='ocr_line' id='line_1_26' title="bbox 125 3053 1290 3124; baseline 0.003 -19"><span class='ocrx_word' id='word_1_216' title='bbox 125 3053 222 3122; x_wconf 85' lang='lat' dir='ltr'><strong>incolit,</strong></span> <span class='ocrx_word' id='word_1_217' title='bbox 837 3057 970 3110; x_wconf 83' lang='lat' dir='ltr'><strong>llomanos</strong></span> <span class='ocrx_word' id='word_1_218' title='bbox 990 3071 1049 3108; x_wconf 87' lang='lat' dir='ltr'><strong>esse</strong></span> <span class='ocrx_word' id='word_1_219' title='bbox 1069 3064 1096 3109; x_wconf 88' lang='lat' dir='ltr'><strong>et</strong></span> <span class='ocrx_word' id='word_1_220' title='bbox 1113 3055 1216 3124; x_wconf 84' lang='lat' dir='ltr'><strong>patriae</strong></span> <span class='ocrx_word' id='word_1_221' title='bbox 1282 3062 1290 3084; x_wconf 81' lang='lat'><strong>·</strong></span> 
     </span>
     <span class='ocr_line' id='line_1_27' title="bbox 125 3124 1215 3198; baseline 0.003 -21"><span class='ocrx_word' id='word_1_222' title='bbox 125 3124 180 3178; x_wconf 83' lang='lat' dir='ltr'><strong>idei</strong></span> <span class='ocrx_word' id='word_1_223' title='bbox 198 3129 329 3197; x_wconf 86' lang='lat' dir='ltr'><strong>pietatem</strong></span> <span class='ocrx_word' id='word_1_224' title='bbox 349 3143 364 3179; x_wconf 87' lang='lat' dir='ltr'><strong>a</strong></span> <span class='ocrx_word' id='word_1_225' title='bbox 388 3130 531 3182; x_wconf 89' lang='lat' dir='ltr'><strong>maioribus</strong></span> <span class='ocrx_word' id='word_1_226' title='bbox 554 3145 639 3198; x_wconf 87' lang='lat' dir='ltr'><strong>usque</strong></span> <span class='ocrx_word' id='word_1_227' title='bbox 665 3130 786 3182; x_wconf 76' lang='lat' dir='ltr'><strong>traditam</strong></span> <span class='ocrx_word' id='word_1_228' title='bbox 810 3136 963 3181; x_wconf 73' lang='lat' dir='ltr'><strong>constanter</strong></span> <span class='ocrx_word' id='word_1_229' title='bbox 990 3130 1059 3181; x_wconf 87' lang='lat' dir='ltr'><strong>tueri</strong></span> <span class='ocrx_word' id='word_1_230' title='bbox 1089 3129 1215 3198; x_wconf 72' lang='lat' dir='ltr'><strong>cognovi.</strong></span> 
     </span>
     <span class='ocr_line' id='line_1_28' title="bbox 125 3198 1223 3270; baseline 0.005 -23"><span class='ocrx_word' id='word_1_231' title='bbox 125 3198 181 3249; x_wconf 82' lang='lat' dir='ltr'><strong>mibi</strong></span> <span class='ocrx_word' id='word_1_232' title='bbox 199 3200 308 3270; x_wconf 85' lang='lat' dir='ltr'><strong>qnidam</strong></span> <span class='ocrx_word' id='word_1_233' title='bbox 328 3201 356 3250; x_wconf 94' lang='lat' dir='ltr'><strong>in</strong></span> <span class='ocrx_word' id='word_1_234' title='bbox 376 3202 462 3253; x_wconf 88' lang='lat' dir='ltr'><strong>animo</strong></span> <span class='ocrx_word' id='word_1_235' title='bbox 484 3210 556 3266; x_wconf 90' lang='lat' dir='ltr'><strong>erat,</strong></span> <span class='ocrx_word' id='word_1_236' title='bbox 574 3215 627 3269; x_wconf 88' lang='lat' dir='ltr'><strong>quo</strong></span> <span class='ocrx_word' id='word_1_237' title='bbox 647 3201 802 3270; x_wconf 77' lang='lat' dir='ltr'><strong>diligentius</strong></span> <span class='ocrx_word' id='word_1_238' title='bbox 823 3210 849 3252; x_wconf 90' lang='lat' dir='ltr'><strong>et</strong></span> <span class='ocrx_word' id='word_1_239' title='bbox 866 3201 1016 3252; x_wconf 76' lang='lat' dir='ltr'><strong>accuratius</strong></span> <span class='ocrx_word' id='word_1_240' title='bbox 1042 3200 1147 3253; x_wconf 85' lang='lat' dir='ltr'><strong>insulae</strong></span> <span class='ocrx_word' id='word_1_241' title='bbox 1171 3215 1223 3252; x_wconf 86' lang='lat' dir='ltr'><strong>res.</strong></span> 
     </span>
     <span class='ocr_line' id='line_1_29' title="bbox 127 3269 1216 3340; baseline 0.004 -23"><span class='ocrx_word' id='word_1_242' title='bbox 127 3269 298 3336; x_wconf 79' lang='lat' dir='ltr'>explorarem,</span> <span class='ocrx_word' id='word_1_243' title='bbox 318 3270 426 3340; x_wconf 81' lang='lat' dir='ltr'><strong>longius</strong></span> <span class='ocrx_word' id='word_1_244' title='bbox 445 3273 483 3323; x_wconf 90' lang='lat' dir='ltr'><strong>ibi</strong></span> <span class='ocrx_word' id='word_1_245' title='bbox 500 3279 605 3340; x_wconf 91' lang='lat' dir='ltr'><strong>tempus</strong></span> <span class='ocrx_word' id='word_1_246' title='bbox 625 3274 796 3335; x_wconf 88' lang='lat' dir='ltr'><strong>commorari;</strong></span> <span class='ocrx_word' id='word_1_247' title='bbox 816 3273 863 3325; x_wconf 84' lang='lat' dir='ltr'><strong>sed</strong></span> <span class='ocrx_word' id='word_1_248' title='bbox 882 3272 915 3322; x_wconf 87' lang='lat' dir='ltr'><strong>ab</strong></span> <span class='ocrx_word' id='word_1_249' title='bbox 934 3272 985 3324; x_wconf 91' lang='lat' dir='ltr'><strong>hoo</strong></span> <span class='ocrx_word' id='word_1_250' title='bbox 1005 3274 1143 3340; x_wconf 83' lang='lat' dir='ltr'><strong>proposito</strong></span> <span class='ocrx_word' id='word_1_251' title='bbox 1165 3273 1216 3324; x_wconf 86' lang='lat' dir='ltr'><strong>dc.</strong></span> 
     </span>
     <span class='ocr_line' id='line_1_30' title="bbox 125 3341 1216 3413; baseline 0.004 -25"><span class='ocrx_word' id='word_1_252' title='bbox 125 3341 238 3397; x_wconf 87' lang='lat' dir='ltr'><strong>turbatus</strong></span> <span class='ocrx_word' id='word_1_253' title='bbox 257 3359 316 3394; x_wconf 92' lang='lat' dir='ltr'><strong>sum</strong></span> <span class='ocrx_word' id='word_1_254' title='bbox 334 3358 464 3395; x_wconf 87' lang='lat' dir='ltr'><strong>armorum</strong></span> <span class='ocrx_word' id='word_1_255' title='bbox 484 3343 660 3411; x_wconf 84' lang='lat' dir='ltr'><strong>militumque,</strong></span> <span class='ocrx_word' id='word_1_256' title='bbox 680 3345 725 3413; x_wconf 92' lang='lat' dir='ltr'><strong>qui</strong></span> <span class='ocrx_word' id='word_1_257' title='bbox 744 3351 798 3394; x_wconf 89' lang='lat' dir='ltr'><strong>tum</strong></span> <span class='ocrx_word' id='word_1_258' title='bbox 817 3343 1014 3411; x_wconf 85' lang='lat' dir='ltr'><strong>ibiparabatur,</strong></span> <span class='ocrx_word' id='word_1_259' title='bbox 1029 3343 1152 3396; x_wconf 84' lang='lat' dir='ltr'><strong>tumultu.</strong></span> <span class='ocrx_word' id='word_1_260' title='bbox 1171 3345 1216 3394; x_wconf 94' lang='lat' dir='ltr'><strong>in.</strong></span> 
     </span>
     <span class='ocr_line' id='line_1_31' title="bbox 128 3411 1216 3483; baseline 0.006 -23"><span class='ocrx_word' id='word_1_261' title='bbox 128 3411 178 3464; x_wconf 84' lang='lat' dir='ltr'><strong>sula</strong></span> <span class='ocrx_word' id='word_1_262' title='bbox 196 3415 268 3465; x_wconf 89' lang='lat' dir='ltr'><strong>enim</strong></span> <span class='ocrx_word' id='word_1_263' title='bbox 288 3416 339 3465; x_wconf 91' lang='lat' dir='ltr'><strong>iam</strong></span> <span class='ocrx_word' id='word_1_264' title='bbox 360 3415 404 3466; x_wconf 89' lang='lat' dir='ltr'><strong>diu</strong></span> <span class='ocrx_word' id='word_1_265' title='bbox 423 3417 450 3466; x_wconf 94' lang='lat' dir='ltr'><strong>in</strong></span> <span class='ocrx_word' id='word_1_266' title='bbox 477 3416 641 3468; x_wconf 76' lang='lat' dir='ltr'><strong>calamitates</strong></span> <span class='ocrx_word' id='word_1_267' title='bbox 666 3416 814 3481; x_wconf 87' lang='lat' dir='ltr'><strong>inciderat,</strong></span> <span class='ocrx_word' id='word_1_268' title='bbox 841 3423 952 3482; x_wconf 88' lang='lat' dir='ltr'><strong>propter</strong></span> <span class='ocrx_word' id='word_1_269' title='bbox 978 3431 1042 3483; x_wconf 86' lang='lat' dir='ltr'><strong>quaa</strong></span> <span class='ocrx_word' id='word_1_270' title='bbox 1063 3417 1216 3468; x_wconf 83' lang='lat' dir='ltr'><strong>Latinorum</strong></span> 
     </span>
     <span class='ocr_line' id='line_1_32' title="bbox 127 3485 1268 3559; baseline 0.006 -27"><span class='ocrx_word' id='word_1_271' title='bbox 127 3486 197 3538; x_wconf 86' lang='lat' dir='ltr'><strong>armis</strong></span> <span class='ocrx_word' id='word_1_272' title='bbox 217 3485 328 3538; x_wconf 87' lang='lat' dir='ltr'><strong>subacta</strong></span> <span class='ocrx_word' id='word_1_273' title='bbox 348 3485 466 3538; x_wconf 85' lang='lat' dir='ltr'><strong>Venetae</strong></span> <span class='ocrx_word' id='word_1_274' title='bbox 487 3487 652 3554; x_wconf 85' lang='lat' dir='ltr'><strong>reipublicae</strong></span> <span class='ocrx_word' id='word_1_275' title='bbox 681 3489 794 3555; x_wconf 89' lang='lat' dir='ltr'><strong>imperio</strong></span> <span class='ocrx_word' id='word_1_276' title='bbox 819 3502 848 3539; x_wconf 91' lang='lat' dir='ltr'><strong>se</strong></span> <span class='ocrx_word' id='word_1_277' title='bbox 871 3486 1002 3540; x_wconf 85' lang='lat' dir='ltr'><strong>submisit.</strong></span> <span class='ocrx_word' id='word_1_278' title='bbox 1051 3503 1129 3555; x_wconf 89' lang='lat' dir='ltr'><strong>quum</strong></span> <span class='ocrx_word' id='word_1_279' title='bbox 1149 3501 1215 3539; x_wconf 86' lang='lat' dir='ltr'><strong>vero</strong></span> <span class='ocrx_word' id='word_1_280' title='bbox 1256 3531 1268 3559; x_wconf 72' lang='lat'><strong>,</strong></span> 
     </span>
     <span class='ocr_line' id='line_1_33' title="bbox 126 3557 1216 3625; baseline 0.001 -20"><span class='ocrx_word' id='word_1_281' title='bbox 126 3557 195 3624; x_wconf 75' lang='lat' dir='ltr'><strong>ruodo</strong></span> <span class='ocrx_word' id='word_1_282' title='bbox 216 3571 299 3624; x_wconf 88' lang='lat' dir='ltr'><strong>super</strong></span> <span class='ocrx_word' id='word_1_283' title='bbox 319 3565 400 3609; x_wconf 87' lang='lat' dir='ltr'><strong>totam</strong></span> <span class='ocrx_word' id='word_1_284' title='bbox 419 3559 600 3610; x_wconf 89' lang='lat' dir='ltr'><strong>continentem</strong></span> <span class='ocrx_word' id='word_1_285' title='bbox 622 3567 649 3610; x_wconf 92' lang='lat' dir='ltr'><strong>et</strong></span> <span class='ocrx_word' id='word_1_286' title='bbox 667 3558 781 3611; x_wconf 84' lang='lat' dir='ltr'><strong>insulam</strong></span> <span class='ocrx_word' id='word_1_287' title='bbox 801 3573 890 3609; x_wconf 87' lang='lat' dir='ltr'><strong>rumor</strong></span> <span class='ocrx_word' id='word_1_288' title='bbox 909 3558 1045 3625; x_wconf 86' lang='lat' dir='ltr'><strong>dispersus</strong></span> <span class='ocrx_word' id='word_1_289' title='bbox 1067 3567 1147 3623; x_wconf 89' lang='lat' dir='ltr'><strong>esset,</strong></span> <span class='ocrx_word' id='word_1_290' title='bbox 1161 3558 1216 3612; x_wconf 81' lang='lat' dir='ltr'><strong>Ga.</strong></span> 
     </span>
     <span class='ocr_line' id='line_1_34' title="bbox 127 3629 1216 3696; baseline 0.002 -22"><span class='ocrx_word' id='word_1_291' title='bbox 127 3639 246 3692; x_wconf 84' lang='lat' dir='ltr'><strong>nuenscs,</strong></span> <span class='ocrx_word' id='word_1_292' title='bbox 265 3630 311 3696; x_wconf 91' lang='lat' dir='ltr'><strong>qui</strong></span> <span class='ocrx_word' id='word_1_293' title='bbox 332 3629 440 3682; x_wconf 81' lang='lat' dir='ltr'><strong>Galatae</strong></span> <span class='ocrx_word' id='word_1_294' title='bbox 458 3638 552 3681; x_wconf 89' lang='lat' dir='ltr'><strong>tenent</strong></span> <span class='ocrx_word' id='word_1_295' title='bbox 571 3629 711 3682; x_wconf 82' lang='lat' dir='ltr'><strong>castellum</strong></span> <span class='ocrx_word' id='word_1_296' title='bbox 731 3632 758 3681; x_wconf 94' lang='lat' dir='ltr'><strong>in</strong></span> <span class='ocrx_word' id='word_1_297' title='bbox 777 3629 849 3681; x_wconf 87' lang='lat' dir='ltr'><strong>urbis</strong></span> <span class='ocrx_word' id='word_1_298' title='bbox 868 3630 1018 3694; x_wconf 80' lang='lat' dir='ltr'><strong>vicinitate,</strong></span> <span class='ocrx_word' id='word_1_299' title='bbox 1039 3630 1148 3682; x_wconf 86' lang='lat' dir='ltr'><strong>loedere</strong></span> <span class='ocrx_word' id='word_1_300' title='bbox 1167 3645 1216 3682; x_wconf 91' lang='lat' dir='ltr'><strong>ru.</strong></span> 
     </span>
     <span class='ocr_line' id='line_1_35' title="bbox 128 3697 1217 3769; baseline -0.002 -19"><span class='ocrx_word' id='word_1_301' title='bbox 128 3705 167 3760; x_wconf 79' lang='lat' dir='ltr'><strong>pto</strong></span> <span class='ocrx_word' id='word_1_302' title='bbox 187 3707 213 3751; x_wconf 93' lang='lat' dir='ltr'><strong>et</strong></span> <span class='ocrx_word' id='word_1_303' title='bbox 230 3697 385 3751; x_wconf 82' lang='lat' dir='ltr'><strong>rebellione</strong></span> <span class='ocrx_word' id='word_1_304' title='bbox 406 3701 476 3752; x_wconf 85' lang='lat' dir='ltr'><strong>lacta</strong></span> <span class='ocrx_word' id='word_1_305' title='bbox 494 3701 640 3767; x_wconf 73' lang='lat' dir='ltr'><strong>Byzantios</strong></span> <span class='ocrx_word' id='word_1_306' title='bbox 659 3701 764 3769; x_wconf 85' lang='lat' dir='ltr'><strong>proelio</strong></span> <span class='ocrx_word' id='word_1_307' title='bbox 783 3699 873 3752; x_wconf 86' lang='lat' dir='ltr'><strong>navali</strong></span> <span class='ocrx_word' id='word_1_308' title='bbox 892 3702 992 3753; x_wconf 82' lang='lat' dir='ltr'><strong>vicisse</strong></span> <span class='ocrx_word' id='word_1_309' title='bbox 1013 3707 1039 3751; x_wconf 90' lang='lat' dir='ltr'><strong>et</strong></span> <span class='ocrx_word' id='word_1_310' title='bbox 1058 3703 1144 3758; x_wconf 23' lang='lat' dir='ltr'><strong>totius!</strong></span> <span class='ocrx_word' id='word_1_311' title='bbox 1157 3717 1217 3753; x_wconf 91' lang='lat' dir='ltr'><strong>ma.</strong></span> 
     </span>
    </p>

    <p class='ocr_par' dir='ltr' id='par_1_4' title="bbox 127 3767 1217 3912">
     <span class='ocr_line' id='line_1_36' title="bbox 127 3767 1215 3842; baseline 0.006 -25"><span class='ocrx_word' id='word_1_312' title='bbox 127 3767 159 3818; x_wconf 90' lang='lat' dir='ltr'><strong>ris</strong></span> <span class='ocrx_word' id='word_1_313' title='bbox 177 3772 318 3838; x_wconf 85' lang='lat' dir='ltr'><strong>imperium</strong></span> <span class='ocrx_word' id='word_1_314' title='bbox 340 3774 491 3837; x_wconf 87' lang='lat' dir='ltr'><strong>somniare,</strong></span> <span class='ocrx_word' id='word_1_315' title='bbox 518 3782 547 3824; x_wconf 91' lang='lat' dir='ltr'><strong>ut</strong></span> <span class='ocrx_word' id='word_1_316' title='bbox 565 3789 653 3842; x_wconf 86' lang='lat' dir='ltr'><strong>neque</strong></span> <span class='ocrx_word' id='word_1_317' title='bbox 673 3774 794 3825; x_wconf 86' lang='lat' dir='ltr'><strong>coerceri</strong></span> <span class='ocrx_word' id='word_1_318' title='bbox 813 3781 925 3839; x_wconf 86' lang='lat' dir='ltr'><strong>possent</strong></span> <span class='ocrx_word' id='word_1_319' title='bbox 943 3787 1031 3840; x_wconf 85' lang='lat' dir='ltr'><strong>neque</strong></span> <span class='ocrx_word' id='word_1_320' title='bbox 1050 3789 1085 3823; x_wconf 90' lang='lat' dir='ltr'><strong>ne</strong></span> <span class='ocrx_word' id='word_1_321' title='bbox 1105 3773 1215 3825; x_wconf 84' lang='lat' dir='ltr'><strong>loedere</strong></span> 
     </span>
     <span class='ocr_line' id='line_1_37' title="bbox 129 3842 1217 3912; baseline 0.006 -22"><span class='ocrx_word' id='word_1_322' title='bbox 129 3842 225 3905; x_wconf 84' lang='lat' dir='ltr'><strong>quidem</strong></span> <span class='ocrx_word' id='word_1_323' title='bbox 245 3858 305 3894; x_wconf 89' lang='lat' dir='ltr'><strong>cum</strong></span> <span class='ocrx_word' id='word_1_324' title='bbox 326 3844 500 3910; x_wconf 86' lang='lat' dir='ltr'><strong>popularibus</strong></span> <span class='ocrx_word' id='word_1_325' title='bbox 519 3845 611 3896; x_wconf 88' lang='lat' dir='ltr'><strong>iuncto</strong></span> <span class='ocrx_word' id='word_1_326' title='bbox 631 3853 701 3896; x_wconf 85' lang='lat' dir='ltr'><strong>stare</strong></span> <span class='ocrx_word' id='word_1_327' title='bbox 713 3843 826 3908; x_wconf 87' lang='lat' dir='ltr'><strong>vellent,</strong></span> <span class='ocrx_word' id='word_1_328' title='bbox 847 3844 894 3895; x_wconf 85' lang='lat' dir='ltr'><strong>sad</strong></span> <span class='ocrx_word' id='word_1_329' title='bbox 911 3843 1027 3911; x_wconf 85' lang='lat' dir='ltr'><strong>superba</strong></span> <span class='ocrx_word' id='word_1_330' title='bbox 1045 3845 1172 3912; x_wconf 82' lang='lat' dir='ltr'><strong>quaedam</strong></span> <span class='ocrx_word' id='word_1_331' title='bbox 1190 3854 1217 3896; x_wconf 82' lang='lat' dir='ltr'><strong>et</strong></span> 
     </span>
    </p>

    <p class='ocr_par' dir='ltr' id='par_1_5' title="bbox 126 3915 1217 4342">
     <span class='ocr_line' id='line_1_38' title="bbox 128 3915 1216 3983; baseline 0.009 -25"><span class='ocrx_word' id='word_1_332' title='bbox 128 3917 151 3960; x_wconf 91' lang='lat' dir='ltr'><strong>ut</strong></span> <span class='ocrx_word' id='word_1_333' title='bbox 170 3915 206 3966; x_wconf 89' lang='lat' dir='ltr'><strong>ita</strong></span> <span class='ocrx_word' id='word_1_334' title='bbox 225 3915 314 3965; x_wconf 81' lang='lat' dir='ltr'><strong>dicum</strong></span> <span class='ocrx_word' id='word_1_335' title='bbox 339 3916 510 3982; x_wconf 86' lang='lat' dir='ltr'><strong>imperatoria</strong></span> <span class='ocrx_word' id='word_1_336' title='bbox 529 3915 675 3983; x_wconf 88' lang='lat' dir='ltr'><strong>supercilia</strong></span> <span class='ocrx_word' id='word_1_337' title='bbox 700 3917 828 3968; x_wconf 87' lang='lat' dir='ltr'><strong>adversus</strong></span> <span class='ocrx_word' id='word_1_338' title='bbox 856 3931 969 3980; x_wconf 82' lang='lat' dir='ltr'><strong>ornnes,</strong></span> <span class='ocrx_word' id='word_1_339' title='bbox 990 3915 1034 3982; x_wconf 88' lang='lat' dir='ltr'><strong>qui</strong></span> <span class='ocrx_word' id='word_1_340' title='bbox 1060 3916 1216 3968; x_wconf 85' lang='lat' dir='ltr'><strong>maritimam</strong></span> 
     </span>
     <span class='ocr_line' id='line_1_39' title="bbox 128 3985 1217 4052; baseline 0.006 -19"><span class='ocrx_word' id='word_1_341' title='bbox 128 3993 201 4050; x_wconf 78' lang='lat' dir='ltr'><strong>agunt</strong></span> <span class='ocrx_word' id='word_1_342' title='bbox 220 3987 316 4049; x_wconf 80' lang='lat' dir='ltr'><strong>vitum,</strong></span> <span class='ocrx_word' id='word_1_343' title='bbox 334 3999 399 4052; x_wconf 81' lang='lat' dir='ltr'><strong>prae</strong></span> <span class='ocrx_word' id='word_1_344' title='bbox 418 4003 448 4038; x_wconf 91' lang='lat' dir='ltr'><strong>se</strong></span> <span class='ocrx_word' id='word_1_345' title='bbox 468 3988 577 4052; x_wconf 84' lang='lat' dir='ltr'><strong>ferrent,</strong></span> <span class='ocrx_word' id='word_1_346' title='bbox 601 3989 651 4039; x_wconf 84' lang='lat' dir='ltr'><strong>bac</strong></span> <span class='ocrx_word' id='word_1_347' title='bbox 670 4004 700 4039; x_wconf 85' lang='lat' dir='ltr'><strong>re</strong></span> <span class='ocrx_word' id='word_1_348' title='bbox 721 3996 748 4040; x_wconf 88' lang='lat' dir='ltr'><strong>et</strong></span> <span class='ocrx_word' id='word_1_349' title='bbox 767 3987 814 4039; x_wconf 89' lang='lat' dir='ltr'><strong>alii</strong></span> <span class='ocrx_word' id='word_1_350' title='bbox 833 3987 908 4038; x_wconf 92' lang='lat' dir='ltr'><strong>multi</strong></span> <span class='ocrx_word' id='word_1_351' title='bbox 929 3985 1079 4040; x_wconf 90' lang='lat' dir='ltr'><strong>conturbati</strong></span> <span class='ocrx_word' id='word_1_352' title='bbox 1107 3996 1169 4040; x_wconf 92' lang='lat' dir='ltr'><strong>sunt</strong></span> <span class='ocrx_word' id='word_1_353' title='bbox 1190 3996 1217 4040; x_wconf 85' lang='lat' dir='ltr'><strong>ct</strong></span> 
     </span>
     <span class='ocr_line' id='line_1_40' title="bbox 127 4055 1216 4127; baseline 0.006 -23"><span class='ocrx_word' id='word_1_354' title='bbox 127 4058 264 4124; x_wconf 82' lang='lat' dir='ltr'><strong>praecipua</strong></span> <span class='ocrx_word' id='word_1_355' title='bbox 276 4055 382 4121; x_wconf 84' lang='lat' dir='ltr'><strong>Veneti,</strong></span> <span class='ocrx_word' id='word_1_356' title='bbox 402 4059 457 4126; x_wconf 89' lang='lat' dir='ltr'><strong>qui,</strong></span> <span class='ocrx_word' id='word_1_357' title='bbox 476 4073 631 4126; x_wconf 86' lang='lat' dir='ltr'><strong>quamquam</strong></span> <span class='ocrx_word' id='word_1_358' title='bbox 644 4060 721 4111; x_wconf 89' lang='lat' dir='ltr'><strong>brevi</strong></span> <span class='ocrx_word' id='word_1_359' title='bbox 735 4066 855 4126; x_wconf 84' lang='lat' dir='ltr'><strong>tempore</strong></span> <span class='ocrx_word' id='word_1_360' title='bbox 874 4074 982 4126; x_wconf 84' lang='lat' dir='ltr'><strong>magnas</strong></span> <span class='ocrx_word' id='word_1_361' title='bbox 997 4061 1088 4127; x_wconf 84' lang='lat' dir='ltr'><strong>copias</strong></span> <span class='ocrx_word' id='word_1_362' title='bbox 1105 4058 1216 4112; x_wconf 82' lang='lat' dir='ltr'><strong>navales</strong></span> 
     </span>
     <span class='ocr_line' id='line_1_41' title="bbox 128 4129 1216 4197; baseline 0.006 -21"><span class='ocrx_word' id='word_1_363' title='bbox 128 4138 252 4180; x_wconf 78' lang='lat' dir='ltr'><strong>exornare</strong></span> <span class='ocrx_word' id='word_1_364' title='bbox 272 4135 354 4196; x_wconf 89' lang='lat' dir='ltr'><strong>atque</strong></span> <span class='ocrx_word' id='word_1_365' title='bbox 373 4129 474 4182; x_wconf 86' lang='lat' dir='ltr'><strong>idcirco</strong></span> <span class='ocrx_word' id='word_1_366' title='bbox 495 4129 563 4182; x_wconf 86' lang='lat' dir='ltr'><strong>haud</strong></span> <span class='ocrx_word' id='word_1_367' title='bbox 584 4131 732 4183; x_wconf 82' lang='lat' dir='ltr'><strong>mediocres</strong></span> <span class='ocrx_word' id='word_1_368' title='bbox 752 4131 803 4182; x_wconf 89' lang='lat' dir='ltr'><strong>sibi</strong></span> <span class='ocrx_word' id='word_1_369' title='bbox 821 4131 930 4197; x_wconf 86' lang='lat' dir='ltr'><strong>spiritus</strong></span> <span class='ocrx_word' id='word_1_370' title='bbox 950 4146 1055 4183; x_wconf 86' lang='lat' dir='ltr'><strong>sumere</strong></span> <span class='ocrx_word' id='word_1_371' title='bbox 1074 4137 1216 4196; x_wconf 83' lang='lat' dir='ltr'><strong>poteraut,</strong></span> 
     </span>
     <span class='ocr_line' id='line_1_42' title="bbox 127 4200 1216 4270; baseline 0.002 -21"><span class='ocrx_word' id='word_1_372' title='bbox 127 4201 298 4266; x_wconf 82' lang='lat' dir='ltr'><strong>tum-praeter</strong></span> <span class='ocrx_word' id='word_1_373' title='bbox 323 4200 477 4265; x_wconf 84' lang='lat' dir='ltr'><strong>opinionem</strong></span> <span class='ocrx_word' id='word_1_374' title='bbox 496 4201 528 4253; x_wconf 90' lang='lat' dir='ltr'><strong>ab</strong></span> <span class='ocrx_word' id='word_1_375' title='bbox 549 4201 605 4255; x_wconf 91' lang='lat' dir='ltr'><strong>illis</strong></span> <span class='ocrx_word' id='word_1_376' title='bbox 632 4204 683 4254; x_wconf 87' lang='lat' dir='ltr'><strong>iam</strong></span> <span class='ocrx_word' id='word_1_377' title='bbox 701 4203 821 4270; x_wconf 82' lang='lat' dir='ltr'><strong>impediti</strong></span> <span class='ocrx_word' id='word_1_378' title='bbox 837 4210 933 4266; x_wconf 80' lang='lat' dir='ltr'><strong>erant,</strong></span> <span class='ocrx_word' id='word_1_379' title='bbox 958 4203 1098 4270; x_wconf 87' lang='lat' dir='ltr'><strong>quominus</strong></span> <span class='ocrx_word' id='word_1_380' title='bbox 1116 4203 1144 4253; x_wconf 91' lang='lat' dir='ltr'><strong>in</strong></span> <span class='ocrx_word' id='word_1_381' title='bbox 1168 4216 1216 4254; x_wconf 88' lang='lat' dir='ltr'><strong>su-</strong></span> 
     </span>
     <span class='ocr_line' id='line_1_43' title="bbox 126 4271 1215 4342; baseline 0.003 -22"><span class='ocrx_word' id='word_1_382' title='bbox 126 4271 241 4332; x_wconf 80' lang='lat' dir='ltr'><strong>perimes</strong></span> <span class='ocrx_word' id='word_1_383' title='bbox 259 4271 390 4342; x_wconf 77' lang='lat' dir='ltr'><strong>regiones</strong></span> <span class='ocrx_word' id='word_1_384' title='bbox 410 4280 437 4324; x_wconf 88' lang='lat' dir='ltr'><strong>et</strong></span> <span class='ocrx_word' id='word_1_385' title='bbox 454 4272 540 4326; x_wconf 88' lang='lat' dir='ltr'><strong>lacum</strong></span> <span class='ocrx_word' id='word_1_386' title='bbox 559 4273 717 4330; x_wconf 78' lang='lat' dir='ltr'><strong>Maeotidem</strong></span> <span class='ocrx_word' id='word_1_387' title='bbox 746 4281 773 4324; x_wconf 85' lang='lat' dir='ltr'><strong>at</strong></span> <span class='ocrx_word' id='word_1_388' title='bbox 797 4273 829 4328; x_wconf 83' lang='grc' dir='ltr'><strong><em>οδ</em></strong></span> <span class='ocrx_word' id='word_1_389' title='bbox 855 4275 925 4328; x_wconf 79' lang='lat' dir='ltr'><strong>ostia</strong></span> <span class='ocrx_word' id='word_1_390' title='bbox 944 4273 1065 4329; x_wconf 78' lang='lat' dir='ltr'><strong>Tanaislis</strong></span> <span class='ocrx_word' id='word_1_391' title='bbox 1094 4284 1142 4340; x_wconf 82' lang='lat' dir='ltr'><strong>pro</strong></span> <span class='ocrx_word' id='word_1_392' title='bbox 1167 4283 1215 4324; x_wconf 89' lang='lat' dir='ltr'><strong>suo</strong></span> 
     </span>
    </p>
   </div>
   <div class='ocr_carea' id='block_1_4' title="bbox 0 0 1506 4918">
    <p class='ocr_par' dir='ltr' id='par_1_6' title="bbox 0 0 1506 4918">
     <span class='ocr_line' id='line_1_44' title="bbox 0 0 1506 4918; baseline 0 0"><span class='ocrx_word' id='word_1_393' title='bbox 0 0 1506 4918; x_wconf 95' lang='lat' dir='ltr'><strong> </strong></span> 
     </span>
    </p>
   </div>
  </div>
 </body>
</html>
