2952 4902
217 374 441 440 ursuoama
472 367 732 442 sumamma
747 375 861 443 xxvi.
881 356 952 442 id.
972 356 1041 442 dt.
1132 364 1182 442 93

100 534 291 616 περιέκλοζον
321 541 509 622 τρικυμίαι,
541 536 646 622 συχνοὶ
679 542 741 603 τῶν
773 541 847 602 καθ’
872 536 967 632 αὑτὸν
991 536 1183 623 πραγμάτων

100 633 334 712 α’νοκοκλοόντος
356 637 431 714 τοός
453 637 578 722 κύβους,
602 633 649 716 οἷς
677 635 845 725 πρόσωπον
865 643 923 720 μὲν
944 641 1080 704 ἐλπίδων
1100 638 1183 701 rino-

98 737 196 799 τείνειν
216 733 321 802 ἔπεισι
341 721 493 824 χρηστόν,
515 741 695 808 τούναντίον
714 743 743 805 δ’
765 734 851 806 ἅπαν
873 740 915 816 τός
938 743 1054 805 ἐπίπαν
1075 737 1181 804 ἔπειτα

98 835 254 922 περαίνειν,
278 837 384 923 ὥσπερ
407 843 584 925 ἐξεπίτηδες
599 845 705 907 πᾶσαν
727 841 867 906 ἐπίνοιαν
880 839 984 905 αὐτοῦ
1005 843 1061 905 καί
1081 861 1183 905 σπου·
1275 889 1280 898 ,

79 933 146 1018 ὖίήν
167 941 335 1017 παίζοντός
355 964 388 1006 τε
411 940 466 1006 κατ’
488 936 729 1026 ἀνατρέποντας.
752 941 807 1007 καί
827 943 862 1007 τό
884 966 919 1026 γε
943 940 1042 1029 δήπου
1063 943 1246 1024 perigeni!
1268 944 1271 956 '

99 1029 137 1098 ὅτι
154 1039 316 1117 τοσούτοις
338 1045 393 1106 καί
414 1041 604 1126 τηλικούτοις
621 1045 893 1130 περιαντλονμλνρι
912 1045 1069 1125 χειμῶσιν
1090 1043 1184 1106 niuei-
1249 1117 1252 1126 Ι

97 1161 142 1199 ναι
159 1138 214 1202 ουἰι
241 1135 282 1223 ἢν
305 1143 383 1207 ου’όὲ
409 1140 465 1219 τός
487 1147 551 1207 τιόν
577 1130 673 1207 videor
694 1144 779 1229 ου’τῷ
802 1143 973 1229 συμφοράς
998 1147 1181 1226 τηνικαῦτα,

98 1229 155 1300 ἄλλ’
184 1238 373 1320 ἐστασίαζον
400 1235 462 1328 ἤδη
491 1242 546 1307 καί
567 1243 661 1308 ου’τοί
691 1246 767 1328 περί
796 1248 851 1326 τής
881 1245 994 1327 α’ρχής,
1017 1247 1072 1307 καί
1088 1247 1182 1309 ταῦθ’
1250 1253 1253 1260 “
1320 1244 1323 1252 ’

98 1333 168 1404 οὕτω
191 1341 396 1428 ναυαγοόσης
418 1347 556 1417 τεςκοῖπί·
572 1347 698 1430 σαθροῦ
717 1341 791 1419 τοός
806 1341 905 1419 πόδας
927 1344 1109 1430 ε’ρειδοόσης
1130 1348 1185 1409 καί

66 1439 123 1512 λθὲς
142 1438 175 1504 τό
197 1445 283 1508 πάνυ
307 1470 338 1508 τι
369 1449 442 1511 λίαν
466 1446 666 1529 βραχύτατον
698 1444 836 1520 adanu
866 1447 937 1511 λίαν
965 1448 1183 1531 ἑλοονομὲνης,
1233 1485 1235 1492 κ

98 1533 139 1604 ὅτε
159 1543 261 1626 δήπου
291 1549 414 1626 μᾶλλον
447 1549 544 1630 ἐχρῆν
571 1551 615 1636 τῷ
647 1546 744 1630 πατρί
776 1549 837 1612 καί
850 1550 981 1627 βασιλεῖ
1009 1547 1088 1612 κατὰ
1120 1549 1183 1612 πᾶν

96 1643 214 1727 ἐφικτόν
237 1651 451 1730 συναίρεσθαι
471 1651 584 1733 opicis,N
598 1651 684 1735 κοινῇ
706 1648 760 1721 καί
781 1649 855 1713 καθ’
887 1646 1015 1734 ἕκαστα,
1034 1644 1183 1727 καθάπαξ

97 1738 170 1807 dnos
191 1743 274 1810 ἴδιον
292 1750 406 1829 βυθοΐς
430 1751 709 1832 παραπέμψοντας
730 1749 839 1834 λήθης.
863 1741 930 1815 ότε
955 1748 1015 1832 peip
1034 1754 1183 1814 Παλαισ-

97 1842 174 1925 λόγος
194 1850 274 1912 κα’πι“
293 1849 330 1934 τῇ
352 1851 493 1932 θυγατρί
513 1847 658 1931 γαμβρός
685 1847 844 1935 Ἰωάννης,
872 1848 915 1922 οἷς
938 1849 1039 1913 πόλοι
1059 1849 1182 1932 πατρό-

66 1948 145 2008 15θεν
163 1947 220 2032 τήν
247 1949 351 2032 ἀρχήν
383 1949 470 2036 crispi
502 1947 725 2036 προσήκουσαν
746 1947 849 2034 ἔχων,
881 1949 1043 2032 α’ντείχετο
1066 1951 1182 2033 ταύτης

23 2055 24 2066 ’
97 2047 116 2085 “
134 2037 318 2133 ὁλοσχερῶς,
342 2049 398 2116 καί
416 2051 508 2116 οὐδὲν
530 2053 639 2116 οὐδενί
658 2054 713 2136 τής
734 2040 888 2136 διαδοχῆς
921 2051 1121 2136 παρεχώρει·
1164 2044 1312 2112 antara.

97 2171 125 2210 τε
141 2155 312 2227 Μοτθαῖος
334 2150 404 2230 οἷός
426 2147 471 2218 σόν
492 2156 547 2218 καί
566 2152 673 2234 αὐτός,
695 2155 827 2219 ἐνέκειτο
849 2151 937 2234 μάλα
959 2155 1108 2238 σφοδροῖς
1129 2154 1184 2214 καί

98 2251 185 2328 ου’τός
206 2254 362 2341 α’παιτσῖν,
384 2251 427 2329 ως
443 2258 507 2336 Ινῦν
527 2280 562 2338 με
585 2258 639 2320 καί
663 2257 748 2341 ου’τρλ
769 2249 986 2339 προσηκούσης
1008 2252 1180 2336 πατρόθεν,

97 2352 326 2428 μεταπεσόντων
357 2345 417 2440 ήδη
444 2354 565 2438 μεταξό
590 2358 653 2421 τῶν
676 2357 841 2440 σκήπτρων
862 2353 942 2419 κατὰ
966 2351 1022 2428 τός
1053 2351 1104 2418 ciet*
1125 2375 1182 2439 φε-

48 2455 221 2533 sennaar
244 2456 363 2522 οὑτωσί
384 2462 446 2523 τεόν
468 2457 664 2542 πραγμάτων
688 2455 798 2540 τόχας,
821 2459 876 2541 κατ’
897 2454 977 2538 πρός
1000 2447 1104 2519 ἄλλοτ’
1125 2448 1184 2518 όλ-
1211 2507 1213 2512 ,

99 2556 161 2628 λους
180 2555 283 2640 συχνοὶ
306 2561 635 2644 μεταρριπτουμένας,
655 2561 710 2624 καί
723 2555 956 2642 παραλλόξεσιν
976 2557 1185 2640 ἀτεκμάρτοις

99 2649 175 2720 odra
193 2658 248 2724 καί
268 2657 460 2745 α’πορρήτοις
476 2663 679 2740 ολακιζοόσας
693 2660 747 2725 τόν
761 2661 841 2742 βίον,
857 2662 913 2724 καί
928 2663 984 2724 νόν
1003 2662 1064 2740 μὲν
1084 2653 1183 2744 τούτῳ

99 2759 149 2820 νῦν
170 2762 196 2825 d'
228 2765 336 2852 ε’κείνιρ
364 2765 585 2851 παρεχομένας
617 2758 674 2847 τήν
704 2764 765 2827 τεόν
787 2761 909 2826 οἰκείων
934 2761 1097 2842 εὐμένειαν
1120 2757 1185 2844 όφ-

101 3075 158 3129 ωοε,
175 3072 244 3120 terra
262 3067 383 3136 marique
402 3067 518 3120 munitos
529 3066 687 3136 propulsare
708 3065 812 3134 quidem
831 3065 976 3128 studerent,
996 3068 1110 3114 attamen
1128 3075 1183 3116 non

102 3132 225 3203 haberent,
247 3140 378 3208 quomodo
399 3141 564 3206 propositum
584 3147 789 3206 exequerentur.
807 3177 811 3182 .
826 3139 939 3189 maxime
958 3143 1046 3187 autem
1066 3136 1183 3203 impera-

23 3225 24 3228 *
102 3207 157 3258 toris
177 3211 278 3262 animus
297 3211 402 3278 ingenti
422 3227 543 3263 curarum
560 3219 587 3263 et
606 3211 797 3280 cogitationum
814 3218 897 3262 aestu
925 3206 1184 3275 fluctuabat3=saepe

103 3292 191 3331 suarum
209 3297 298 3334 rernm
321 3281 394 3333 alens
414 3283 567 3343 volutabat,
589 3298 656 3351 quae
677 3283 794 3349 speciem
814 3282 918 3348 quidem
936 3280 1022 3332 bonae
1041 3280 1099 3346 spei
1119 3294 1184 3346 pro.

102 3351 205 3416 tendant,
228 3360 322 3404 contra
341 3361 428 3404 autem
445 3351 602 3422 pierumque
621 3362 714 3421 postea
738 3354 844 3417 cadunt,
865 3361 988 3420 tanquam
1013 3351 1137 3403 consulto
1158 3356 1207 3401 et‘

103 3417 151 3471 data
168 3437 247 3491 opera
268 3438 347 3486 omne
370 3426 427 3476 cius
448 3427 562 3478 studium
587 3433 667 3494 atque
693 3421 834 3475 consilium
853 3423 1053 3476 ludificarentur
1073 3431 1099 3474 et
1119 3423 1184 3475 sub.

103 3500 232 3547 verterent.
254 3503 335 3562 atquc
348 3493 399 3546 hoe
415 3500 479 3548 sane
500 3497 763 3567 eratgravissimum,
783 3495 852 3564 quod
871 3503 911 3547 tot
928 3497 1061 3562 tantisque
1079 3503 1184 3562 tempe.

103 3564 197 3620 statibus
216 3569 330 3619 iactatus
355 3567 469 3619 tiliorum
495 3583 601 3637 quoque
620 3569 786 3636 iniquitatem
813 3576 938 3635 expertus
959 3574 1018 3632 est,
1038 3572 1067 3617 ut
1086 3568 1130 3634 qui
1150 3567 1182 3616 de

103 3631 197 3700 inperio
219 3647 371 3706 tamquam
393 3642 506 3692 maxime
536 3641 665 3708 naufrago
699 3647 726 3690 et
746 3639 851 3705 putrido
877 3639 989 3709 quodam
1012 3638 1183 3692 fundamento

102 3704 153 3757 nixo
169 3711 196 3761 in
216 3723 384 3778 summasque
402 3713 537 3780 angustias
559 3710 697 3779 compulso
716 3711 788 3761 inter
811 3725 872 3762 sese
891 3711 1084 3774 discordarent,
1103 3711 1183 3776 περιτο

102 3775 254 3834 dissiderent.
299 3788 362 3834 tune
381 3784 502 3850 proiecto
530 3785 656 3850 temporis
674 3783 730 3835 suis
756 3783 874 3848 ipsorum
897 3782 1044 3834 rationibus
1068 3780 1182 3848 proiun.

102 3845 193 3904 dissima
212 3853 352 3906 oblivione
364 3855 478 3908 obtectis
497 3857 565 3920 patri
586 3855 674 3922 potius
694 3854 832 3921 eidemque
849 3853 1003 3920 imperatori
1024 3860 1050 3903 et
1069 3853 1182 3904 uuiver-

84 3919 142 3969 ,εἰσι
160 3931 184 3974 et
201 3926 356 3992 singulatim
374 3941 422 3994 pro
444 3925 517 3979 virili
532 3935 607 3994 parte
626 3940 782 3978 succurrere
802 3925 942 3976 debebant.
979 3925 1092 3978 Ioannes
1113 3924 1183 3974 enim

103 3987 266 4064 Palaeologus
280 3999 427 4064 imperium,
448 4007 477 4050 ut
495 4000 546 4049 iam
565 3998 666 4064 pridem
686 4013 701 4048 a
721 4005 796 4064 patre
815 3996 865 4048 sibi
887 3996 1013 4061 debitum,
1033 3995 1104 4047 omni
1124 4003 1182 4046 stu-

104 4060 137 4112 dio
155 4067 185 4117 ad
202 4084 231 4119 se
247 4069 399 4121 vindicabat
416 4086 505 4138 neque
516 4083 625 4136 prorsus
638 4059 677 4120 ‘de
696 4070 755 4120 iure
771 4069 953 4120 successionis
972 4068 1022 4120 ulii
1042 4066 1184 4136 quidquam

103 4132 243 4190 decedebat.
281 4139 427 4194 Matthaeus
447 4150 545 4206 autem,
565 4141 636 4193 iilius
655 4141 839 4206 imperatoris,
857 4141 927 4191 idem
946 4139 1120 4192 vehementer
1140 4137 1200 4188 ei·-

104 4202 224 4273 flagitabar
243 4217 272 4262 ut
289 4211 339 4262 sibi
359 4228 465 4282 quoquc
483 4230 498 4265 a
516 4221 591 4280 patre
611 4213 785 4264 conveniens.
824 4220 929 4278 sceptra
949 4213 1018 4263 enim
1037 4214 1088 4262 iam
1108 4222 1183 4259 com-

102 4279 270 4358 mutabantur,
290 4293 368 4360 prout
386 4287 585 4343 vicissitudines
605 4283 726 4341 ferebant
745 4284 867 4340 fortunae
874 4297 971 4358 ‚aquae
990 4284 1023 4342 ad
1042 4281 1110 4342 alios
1129 4277 1183 4334 aiio
