2880 4910
237 281 314 380 iss
420 287 428 360 ἶ
556 312 779 383 ιιιοτιιιοιι
811 315 1042 384 onneomn

237 475 373 561 δνόητις
395 473 483 544 ἔσται
511 479 531 562 ἡ
560 478 654 544 celem
676 474 799 546 αδτοῦ·
849 477 883 544 ιῖ
898 505 928 545 τι
950 483 986 545 δὲ
1001 479 1093 565 ἔχει,
1121 475 1199 566 xrecep'
1215 479 1330 550 όαοτοό

242 577 322 662 ἔχει,
343 580 382 644 οδ
405 583 480 665 παρ’
504 573 615 647 ἄλλον.
656 585 733 647 οἶδὲ
753 584 830 666 παρ’
854 577 973 648 ἑαυτοῦ
986 587 1042 649 καί
1061 588 1094 664 ἒξ
1115 581 1238 651 ἑαυτοῦ
1257 595 1329 668 νοεῖ,

242 681 338 756 αι’τός
357 679 488 747 δσιιν“
465 709 486 746 α
509 689 583 752 νοεῖ.
628 684 744 747 οδκοόν
765 688 838 760 νοός
859 709 904 748 ιον
923 677 1018 764 όντως
1048 696 1117 752 soei
1134 686 1174 751 τό
1199 681 1273 753 όντα
1292 685 1332 764 σός

242 770 314 847 δι’.
356 778 432 870 δρᾷς
446 781 549 860 πῶς’
534 787 694 868 ινόργειαν
714 810 765 849 και
763 786 865 850 νοῦν
883 810 936 850 και
933 785 1029 851 νοεῖν
1050 789 1105 852 eoi
1126 797 1271 874 φρονεῖν,
1291 789 1333 855 εἴ·

242 905 318 947 τσον
341 885 448 967 νόησιν
468 887 523 951 xol
544 886 710 970 φρόνησιν,
732 887 847 950 ταδτόν
868 889 903 974 τῇ
926 886 1020 977 ον’σδρι
1043 891 1204 954 δείκνυσιν
1223 888 1392 966 όδεῖσςῇ,

178 974 291 1038 ⁸⁸
254 1007 344 1060 ουτος
363 979 625 1068 διδόσκαλος;”
603 1009 699 1050 unove
728 989 764 1051 δδ
795 985 905 1053 λοιπόν
929 992 984 1052 καί
1013 983 1124 1107 ἑτέραν
1152 994 1213 1054 τοῦ
1244 992 1336 1055 aiecii

242 1083 338 1170 ῥῆσιν
359 1083 475 1166 ὁμοίως
503 1085 651 1169 ἔχουσαν.
701 1086 817 1150 “neces
841 1092 903 1152 τῶν
926 1079 1027 1154 όντων
1047 1089 1083 1153 τό
1108 1087 1242 1155 σόνολον
1261 1089 1332 1156 αότό

241 1189 315 1248 καθ’
336 1185 417 1251 αδτό
441 1186 526 1270 όιιλῆ
544 1211 591 1263 τις
613 1183 709 1252 olonis
730 1215 749 1271 η
736 1181 879 1271 ”repom
901 1190 1000 1269 loris,
1033 1191 1085 1254 ἵνα
1119 1192 1175 1255 κατ’
1196 1185 1335 1279 μονόςῇ

244 1285 435 1371 α’διαιᾛρττος
476 1287 531 1352 τόν
552 1290 588 1352 δὲ
608 1285 686 1353 δεδι
708 1286 771 1354 εἴτε
794 1286 910 1355 οὐσίαν
932 1289 1084 1374 εἴποιμεν,
1108 1291 1165 1354 cala
1178 1293 1256 1418 fget
1277 1317 1336 1416 po-

242 1392 338 1466 αιιιοός
362 1394 649 1474 σοντιιινοονμδνην
670 1388 728 1473 τη“ν
753 1393 811 1455 τοῦ
832 1395 976 1456 νοεῖσθαι
998 1392 1194 1473 totamm
1178 1418 1232 1458 ινα
1253 1393 1334 1479 μῆη
1318 1386 1370 1461 ι10
1424 1441 1425 1492 3

242 1489 415 1565 οόνθιτσς·
458 1485 527 1556 τότε
542 1489 660 1574 νόησιν,
683 1490 740 1554 σόα
763 1489 831 1575 ἔχει
854 1494 999 1576 φυσικῶς
1032 1491 1231 1580 δεκτικην
1192 1519 1247 1577 της
1268 1497 1336 1578 νοη’-
1424 1483 1425 1572 l

170 1616 174 1622 ·
245 1613 325 1668 στιις
346 1586 551 1675 ὑποκειμένην
571 1593 693 1659 οοόίαν.
716 1591 785 1658 o’li’
808 1591 887 1657 αότό
908 1596 975 1658 κατ’
998 1594 1112 1658 οόσιόιν
1134 1591 1240 1679 νόησίς
1259 1597 1336 1660 ἐστιν
1424 1623 1425 1642 2

244 1717 260 1756 ο
250 1691 372 1772 ‘estc
391 1693 447 1755 καί
468 1685 538 1769 όλος
560 1694 666 1778 νόησις
686 1698 742 1759 καί
759 1691 867 1778 μόνον,
890 1693 946 1759 κατ’
966 1693 1044 1760 αι’τό
1059 1697 1136 1760 κατὰ
1156 1694 1216 1780 την
1238 1693 1337 1779 νόησιν

216 1841 221 1852 .
245 1793 349 1873 otiolo,
364 1815 415 1858 ιιαι
413 1786 501 1868 όλος
516 1794 608 1858 caloio
624 1819 677 1860 ιιαι
692 1793 801 1878 μόνον,
814 1798 868 1860 κατ’
879 1792 959 1880 όιιὲρ
974 1798 1087 1862 ον’σόαν
1102 1793 1184 1878 όλος,
1198 1823 1250 1861 και
1265 1793 1335 1877 όιιὲρ

245 1896 353 1978 νόησιν
370 1887 455 2015 όλρς,
479 1896 559 1960 διότι
578 1895 678 1975 μσνός
691 1899 873 1980 α’διαόρετος
884 1901 939 1961 κατ’
952 1897 1074 1983 α’μερης
1087 1923 1139 1964 τιαι
1135 1899 1274 2020 oinipl’
1291 1902 1339 1960 ael
1347 1913 1371 1964 15

247 1990 428 2077 oiliotpgoi‘t
427 1992 623 2118 μονόςγόρ”
633 2020 733 2111 ρησιν
742 1991 1149 2122 “ηδεότης,καιόιι’δορὶς,
1173 2025 1226 2064 και
1247 1994 1338 2084 τριός,

248 2097 317 2161 a'tt’
337 2096 375 2160 οό
398 2100 537 2180 ιιληθσς,
567 2119 611 2173 ως
633 2088 772 2181 όναρχος
793 2098 963 2179 α’σοόματός
983 2124 1017 2164 τι
1051 2100 1106 2164 ecl
1126 2103 1337 2173 ἀστασίαστος.

248 2197 304 2262 ael
323 2194 554 2263 zattarensem
579 2198 641 2282 γὰρ
664 2198 964 2286 φόσειιμονιότατον
991 2205 1128 2284 τέλειον,
1149 2205 1186 2267 τό
1209 2201 1339 2267 α’σόνθι-

253 2321 306 2364 τον
327 2298 382 2364 καὶ
402 2299 593 2368 όσκόδαστον
616 2301 670 2365 soi
688 2305 807 2388 φεῦγον
831 2299 878 2366 ἐπ’
899 2300 967 2388 ἴσης
990 2301 1024 2369 τό
1050 2329 1083 2368 τε
1106 2307 1182 2368 καθ’
1203 2299 1337 2368 όιιόστα-

250 2425 301 2465 σιν
321 2401 494 2480 μοναδικόν
530 2406 585 2466 ιιαί
603 2400 638 2467 τό
670 2405 746 2468 καθ’
767 2397 845 2488 όλην
868 2404 978 2468 δοῖτιόν
1001 2407 1055 2469 uei
1084 2403 1119 2471 τό
1144 2413 1212 2471 κατ’
1235 2406 1371 2468 acclamo

182 2518 238 2570 u
250 2491 490 2585 ntqs'vmuivP
538 2501 615 2591 όρᾷς
641 2505 707 2579 ιιιός
738 2502 773 2570 τό
801 2503 1015 2596 τιληθιιντιιιην
1049 2511 1195 2571 νοεῖσθαι
1217 2503 1338 2590 triviis

249 2599 378 2686 τριόδος
404 2605 545 2668 ἐνταῦθα
571 2601 706 2690 ’φανήῃ
728 2603 926 2671 παντάπασιν
958 2604 975 2670 o‘
998 2613 1085 2684 θεῖος
1108 2597 1202 2682 οὗτος
1226 2607 1337 2687 ἀπαγο-

249 2701 338 2787 pmice
359 2697 566 2786 διδόσταλος,·
599 2703 697 2787 μονός
714 2704 776 2792 γόρ
800 2729 897 2793 φησιν
928 2707 946 2792 ἡ
968 2711 1058 2792 τριὰς
1081 2707 1137 2773 eol
1156 2708 1198 2772 oei
1217 2709 1335 2792 πλῆθος,

250 3025 390 3097 inteiligit,
404 3024 438 3078 ab
457 3041 489 3077 ea
506 3025 615 3079 diversa
633 3033 704 3091 sunt,
724 3037 815 3078 amens
834 3025 870 3078 sit
889 3039 1004 3079 necesse
1022 3032 1064 3078 cst
1082 3026 1201 3078 essentia
1219 3026 1282 3077 eins.
1316 3021 1335 3073 si
1425 3037 1426 3094 ι

174 3111 177 3117 ·
251 3099 314 3167 qnid
332 3105 420 3150 antem
440 3096 530 3161 habet,
552 3112 614 3150 ase
634 3099 693 3165 ipsa
711 3096 809 3162 habet,
828 3112 882 3148 non
901 3097 934 3149 ab
952 3096 1015 3148 alio.
1054 3097 1077 3148 si
1095 3113 1111 3148 a
1129 3113 1159 3149 se
1178 3099 1247 3164 ipsa,
1266 3093 1335 3145 etiam
1425 3101 1426 3148 l

250 3185 300 3240 per
318 3168 452 3252 seipsam
471 3134 610 3236 intelligit.
631 3171 689 3236 ipsa
708 3176 797 3222 antem
817 3173 857 3221 est
876 3184 917 3232 ea,
939 3184 1006 3238 qnae
1025 3167 1165 3238 intelllglt;
1186 3169 1334 3236 igiturcum

250 3256 324 3293 mens
343 3240 386 3304 sit,
405 3255 436 3290 τα
455 3253 520 3291 vera
538 3239 669 3307 intelligit
689 3255 740 3305 ea,
762 3256 831 3308 quae
851 3242 888 3292 ita
906 3248 968 3292 sunt
987 3249 1153 3307 comparata,
1179 3248 1209 3291 ut
1228 3255 1257 3290 ea
1274 3238 1332 3304 ipsa.

251 3311 327 3364 vides
346 3309 517 3362 efficientiam
537 3317 564 3362 et
582 3320 696 3363 mentem
718 3321 744 3364 et
758 3313 889 3364 rationem
903 3309 1073 3380 intelligendi
1094 3319 1121 3362 et
1133 3311 1266 3378 cogitandi
1284 3308 1333 3358 sive

252 3381 460 3450 intelligentiam
482 3389 509 3432 et
528 3383 718 3450 cogitationem
744 3383 814 3434 idem
834 3397 894 3435 csse
914 3398 973 3434 cnm
1000 3383 1117 3434 essentia
1136 3379 1333 3457 demonstrarit

252 3453 344 3506 (livino
372 3451 422 3504 illo
448 3452 596 3520 magistro?
640 3455 733 3522 accipe
758 3462 845 3506 autem
875 3468 955 3520 porro
986 3455 1065 3506 etiam
1089 3451 1202 3506 alterum
1228 3433 1333 3503 eiusllem

253 3524 351 3576 dietum
373 3523 466 3576 eodem
493 3525 571 3576 modo
593 3534 793 3592 comparatum:
822 3525 898 3578 nulla
916 3540 959 3578 res
984 3527 1091 3576 omnino
1111 3541 1159 3593 per
1179 3540 1209 3576 ee
1228 3525 1283 3590 ipsa
1300 3524 1333 3570 est

253 3595 369 3664 simplex
389 3595 505 3647 essentia
519 3603 564 3648 aut
579 3595 770 3664 intelligentia,
790 3606 819 3649 nt
839 3597 918 3648 etiam
937 3611 1028 3648 monas
1048 3597 1083 3650 sit
1103 3595 1248 3648 individua.
1266 3594 1331 3644 deun

253 3676 342 3720 antem
361 3667 420 3720 sive
441 3668 583 3718 essentiam
601 3669 721 3733 dicimus,
739 3683 794 3720 non
812 3668 893 3720 habet
913 3667 1006 3720 simul·
988 3666 1180 3740 intelligendi
1202 3667 1272 3728 vim,
1289 3659 1333 3714 nisi

184 3759 188 3766 ¹
254 3740 324 3792 iorte
343 3738 506 3806 compositas
534 3747 590 3802 est,
618 3741 678 3792 siva
698 3739 925 3824 intelligentiam,
949 3739 1103 3792 nonhabet
1128 3733 1332 3790 anatnrareci-

214 3828 219 3834 ·
253 3813 371 3881 pientem
396 3777 595 3878 intelligentiae
617 3813 780 3878 suppositam
806 3812 957 3865 essentiam.
1003 3811 1050 3863 sed
1075 3817 1185 3877 propter
1204 3807 1332 3862 essentiam

253 3885 319 3936 dens
339 3887 380 3932 ast
399 3880 606 3948 intelligentia,
621 3891 648 3935 et
666 3891 739 3935 totus
758 3891 800 3935 est
819 3883 1001 3967 intelligentia
1020 3889 1047 3934 et
1065 3881 1170 3945 solum,
1191 3889 1218 3932 et
1235 3883 1332 3946 propter

253 3951 461 4021 intelligentiam
480 3954 606 4019 essentia,
627 3963 654 4006 et
671 3963 742 4007 totns
761 3962 802 4007 est
821 3956 937 4008 essentia
956 3961 983 4006 et
1007 3952 1103 4017 solnm,
1125 3960 1153 4003 et
1170 3958 1276 4019 propter
1293 3959 1332 3998 es·

254 4022 367 4078 sennam
386 4030 457 4076 totus
483 4031 510 4076 at
527 4034 638 4094 propter
661 4025 868 4094 intelligentiam
895 4033 985 4089 totus,
1013 4032 1177 4109 quapropter
1195 4034 1280 4074 mones
1299 4021 1332 4066 est
1356 4075 1358 4078 ¹

253 4094 389 4149 individua
406 4103 433 4146 et
451 4095 566 4149 indivisa
584 4105 612 4149 et
629 4096 752 4164 simplex.
773 4106 800 4149 ct
817 4098 897 4162 alibi,
918 4097 1009 4148 monis
1029 4096 1108 4160 enim,
1129 4097 1223 4163 inquit,
1243 4088 1332 4144 divini

254 4177 296 4222 tas
315 4173 366 4232 est,
384 4181 473 4235 neque
491 4182 557 4220 vero
577 4169 642 4235 dyas
662 4172 689 4221 et
706 4169 780 4234 trias,
799 4170 918 4222 sednon
932 4167 1081 4231 multitudo,
1101 4167 1171 4217 initii
1191 4174 1231 4217 est
1248 4169 1331 4244 expett

257 4248 293 4294 et
302 4239 468 4310 incorporea
482 4246 508 4295 et
528 4248 661 4296 constans:
689 4249 715 4296 et
733 4255 834 4298 rursus
874 4239 942 4297 illusi
971 4239 1041 4294 enim
1061 4245 1155 4294 natura
1177 4245 1215 4292 est
1231 4231 1331 4288 nmine
