<?xml version="1.0" encoding="UTF-8"?>
<!DOCTYPE html PUBLIC "-//W3C//DTD XHTML 1.0 Transitional//EN"
    "http://www.w3.org/TR/xhtml1/DTD/xhtml1-transitional.dtd">
<html xmlns="http://www.w3.org/1999/xhtml" xml:lang="en" lang="en">
 <head>
  <title>
</title>
<meta http-equiv="Content-Type" content="text/html;charset=utf-8" />
  <meta name='ocr-system' content='tesseract 3.04.00' />
  <meta name='ocr-capabilities' content='ocr_page ocr_carea ocr_par ocr_line ocrx_word'/>
</head>
<body>
  <div class='ocr_page' id='page_1' title='image "./nicephorigregor07schogoog_0039.png"; bbox 0 0 2992 4918; ppageno 0'>
   <div class='ocr_carea' id='block_1_1' title="bbox 283 331 1070 458">
    <p class='ocr_par' dir='ltr' id='par_1_1' title="bbox 283 331 1070 458">
     <span class='ocr_line' id='line_1_1' title="bbox 283 331 1070 458; baseline 0.014 -46"><span class='ocrx_word' id='word_1_1' title='bbox 283 331 334 412; x_wconf 69' lang='lat' dir='ltr'><strong>td</strong></span> <span class='ocrx_word' id='word_1_2' title='bbox 485 415 513 458; x_wconf 44' lang='lat'><em>⁶</em></span> <span class='ocrx_word' id='word_1_3' title='bbox 585 347 809 420; x_wconf 73' lang='lat' dir='ltr'><strong>arcaeaom</strong></span> <span class='ocrx_word' id='word_1_4' title='bbox 839 354 1070 422; x_wconf 72' lang='grc' dir='ltr'><strong><em>οιιιισοκιε</em></strong></span> 
     </span>
    </p>
   </div>
   <div class='ocr_carea' id='block_1_2' title="bbox 281 501 1493 1108">
    <p class='ocr_par' dir='ltr' id='par_1_2' title="bbox 284 501 1493 803">
     <span class='ocr_line' id='line_1_2' title="bbox 284 501 1382 640; baseline 0.018 -72"><span class='ocrx_word' id='word_1_5' title='bbox 284 503 340 568; x_wconf 75' lang='grc' dir='ltr'><strong>θεν</strong></span> <span class='ocrx_word' id='word_1_6' title='bbox 362 501 551 587; x_wconf 83' lang='grc' dir='ltr'><strong><em>εόρίοκομεκ</em></strong></span> <span class='ocrx_word' id='word_1_7' title='bbox 577 509 696 591; x_wconf 76' lang='grc' dir='ltr'><strong><em>ἐκεῖσε,</em></strong></span> <span class='ocrx_word' id='word_1_8' title='bbox 719 510 764 596; x_wconf 72' lang='grc' dir='ltr'><strong>μὴ</strong></span> <span class='ocrx_word' id='word_1_9' title='bbox 784 508 880 593; x_wconf 92' lang='grc' dir='ltr'><strong><em>μόνον</em></strong></span> <span class='ocrx_word' id='word_1_10' title='bbox 909 519 972 580; x_wconf 75' lang='grc' dir='ltr'><strong>τῶν</strong></span> <span class='ocrx_word' id='word_1_11' title='bbox 993 518 1154 600; x_wconf 81' lang='grc' dir='ltr'><strong><em>δημοσίων</em></strong></span> <span class='ocrx_word' id='word_1_12' title='bbox 1173 514 1382 640; x_wconf 67' lang='grc' dir='ltr'><strong><em>πραγμάτων,</em></strong></span> 
     </span>
     <span class='ocr_line' id='line_1_3' title="bbox 285 597 1493 728; baseline 0.02 -64"><span class='ocrx_word' id='word_1_13' title='bbox 285 597 336 668; x_wconf 84' lang='grc' dir='ltr'><strong><em>ότι</em></strong></span> <span class='ocrx_word' id='word_1_14' title='bbox 357 601 401 686; x_wconf 75' lang='grc' dir='ltr'><strong>μη</strong></span> <span class='ocrx_word' id='word_1_15' title='bbox 422 609 528 693; x_wconf 75' lang='grc' dir='ltr'><strong><em>πολλῷ</em></strong></span> <span class='ocrx_word' id='word_1_16' title='bbox 545 631 580 728; x_wconf 65' lang='lat' dir='ltr'><strong>gs</strong></span> <span class='ocrx_word' id='word_1_17' title='bbox 601 608 704 692; x_wconf 71' lang='grc' dir='ltr'><strong><em>δήπου</em></strong></span> <span class='ocrx_word' id='word_1_18' title='bbox 735 614 875 695; x_wconf 77' lang='grc' dir='ltr'><strong><em>μάλιστα</em></strong></span> <span class='ocrx_word' id='word_1_19' title='bbox 900 602 955 700; x_wconf 76' lang='grc' dir='ltr'><strong>τῆξ</strong></span> <span class='ocrx_word' id='word_1_20' title='bbox 982 618 1136 700; x_wconf 72' lang='grc' dir='ltr'><strong>εὐσεβοῦς</strong></span> <span class='ocrx_word' id='word_1_21' title='bbox 1154 622 1318 704; x_wconf 74' lang='grc' dir='ltr'><strong><em>ἐκκλησίας</em></strong></span> <span class='ocrx_word' id='word_1_22' title='bbox 1340 620 1380 686; x_wconf 81' lang='grc' dir='ltr'><strong>τό</strong></span> <span class='ocrx_word' id='word_1_23' title='bbox 1460 652 1466 672; x_wconf 81' lang='lat'><em>=</em></span> <span class='ocrx_word' id='word_1_24' title='bbox 1492 619 1493 696; x_wconf 65' lang='lat' dir='ltr'>J</span> 
     </span>
     <span class='ocr_line' id='line_1_4' title="bbox 285 699 1382 803; baseline 0.019 -36"><span class='ocrx_word' id='word_1_25' title='bbox 285 699 495 792; x_wconf 71' lang='grc' dir='ltr'><strong><em>όλισθηματα</em></strong></span> <span class='ocrx_word' id='word_1_26' title='bbox 540 703 559 793; x_wconf 77' lang='grc' dir='ltr'><em>ἢ</em></span> <span class='ocrx_word' id='word_1_27' title='bbox 582 708 644 792; x_wconf 71' lang='grc' dir='ltr'><strong>γὰρ</strong></span> <span class='ocrx_word' id='word_1_28' title='bbox 667 713 736 777; x_wconf 83' lang='grc' dir='ltr'><strong><em>ἐκει</em></strong></span> <span class='ocrx_word' id='word_1_29' title='bbox 754 715 811 798; x_wconf 82' lang='grc' dir='ltr'><strong>τὴν</strong></span> <span class='ocrx_word' id='word_1_30' title='bbox 831 719 951 798; x_wconf 79' lang='grc' dir='ltr'><strong><em>γένεσιν</em></strong></span> <span class='ocrx_word' id='word_1_31' title='bbox 972 715 1057 802; x_wconf 81' lang='grc' dir='ltr'><em>ἴσχει</em></span> <span class='ocrx_word' id='word_1_32' title='bbox 1080 719 1118 784; x_wconf 83' lang='grc' dir='ltr'><strong>τοὶ</strong></span> <span class='ocrx_word' id='word_1_33' title='bbox 1140 724 1253 803; x_wconf 80' lang='grc' dir='ltr'><strong><em>χείρω,</em></strong></span> <span class='ocrx_word' id='word_1_34' title='bbox 1273 723 1382 787; x_wconf 73' lang='lat' dir='ltr'><strong>aduri-</strong></span> 
     </span>
    </p>

    <p class='ocr_par' dir='ltr' id='par_1_3' title="bbox 281 803 1493 1122">
     <span class='ocr_line' id='line_1_5' title="bbox 284 803 1493 905; baseline 0.017 -37"><span class='ocrx_word' id='word_1_35' title='bbox 284 803 385 870; x_wconf 73' lang='lat' dir='ltr'><strong>iies‘</strong></span> <span class='ocrx_word' id='word_1_36' title='bbox 361 829 406 880; x_wconf 78' lang='grc' dir='ltr'><strong>(ος</strong></span> <span class='ocrx_word' id='word_1_37' title='bbox 426 803 480 872; x_wconf 79' lang='grc' dir='ltr'><strong><em>ἐντί</em></strong></span> <span class='ocrx_word' id='word_1_38' title='bbox 498 814 639 893; x_wconf 77' lang='grc' dir='ltr'><strong><em>πρανοῦς</em></strong></span> <span class='ocrx_word' id='word_1_39' title='bbox 659 817 845 897; x_wconf 76' lang='grc' dir='ltr'><strong><em>ἐπιρρέοντα</em></strong></span> <span class='ocrx_word' id='word_1_40' title='bbox 860 823 1003 904; x_wconf 72' lang='grc' dir='ltr'><strong><em>πονηρῶν</em></strong></span> <span class='ocrx_word' id='word_1_41' title='bbox 1027 823 1060 894; x_wconf 80' lang='grc' dir='ltr'><strong>ἐς</strong></span> <span class='ocrx_word' id='word_1_42' title='bbox 1080 818 1117 885; x_wconf 80' lang='grc' dir='ltr'><strong>τό</strong></span> <span class='ocrx_word' id='word_1_43' title='bbox 1140 815 1282 901; x_wconf 83' lang='grc' dir='ltr'><strong><em>μα’λισια</em></strong></span> <span class='ocrx_word' id='word_1_44' title='bbox 1296 849 1382 905; x_wconf 88' lang='grc' dir='ltr'><strong><em>πρα-</em></strong></span> <span class='ocrx_word' id='word_1_45' title='bbox 1492 897 1493 902; x_wconf 13' lang='lat'>1</span> 
     </span>
     <span class='ocr_line' id='line_1_6' title="bbox 281 905 1407 1008; baseline 0.018 -38"><span class='ocrx_word' id='word_1_46' title='bbox 281 908 410 989; x_wconf 74' lang='grc' dir='ltr'><strong><em>μμόισνν</em></strong></span> <span class='ocrx_word' id='word_1_47' title='bbox 430 910 486 978; x_wconf 80' lang='grc' dir='ltr'><strong>καί</strong></span> <span class='ocrx_word' id='word_1_48' title='bbox 514 911 572 988; x_wconf 79' lang='grc' dir='ltr'><strong>τοὶς</strong></span> <span class='ocrx_word' id='word_1_49' title='bbox 594 905 693 989; x_wconf 88' lang='grc' dir='ltr'><strong><em>αλλιτς</em></strong></span> <span class='ocrx_word' id='word_1_50' title='bbox 724 914 843 1006; x_wconf 80' lang='grc' dir='ltr'><strong><em>ρρδίως</em></strong></span> <span class='ocrx_word' id='word_1_51' title='bbox 874 921 1072 1005; x_wconf 72' lang='grc' dir='ltr'><strong><em>ἐμπίμπλησι</em></strong></span> <span class='ocrx_word' id='word_1_52' title='bbox 1098 923 1225 998; x_wconf 77' lang='grc' dir='ltr'><strong><em>πόλεις’</em></strong></span> <span class='ocrx_word' id='word_1_53' title='bbox 1276 920 1296 1008; x_wconf 74' lang='grc' dir='ltr'><strong>η’</strong></span> <span class='ocrx_word' id='word_1_54' title='bbox 1327 927 1407 990; x_wconf 82' lang='grc' dir='ltr'><strong><em>καί5</em></strong></span> 
     </span>
     <span class='ocr_line' id='line_1_7' title="bbox 282 1000 1382 1108; baseline 0.017 -36"><span class='ocrx_word' id='word_1_55' title='bbox 282 1000 418 1076; x_wconf 80' lang='grc' dir='ltr'><strong><em>όλλοθόν</em></strong></span> <span class='ocrx_word' id='word_1_56' title='bbox 451 1016 550 1078; x_wconf 87' lang='grc' dir='ltr'><strong><em>ποθεν</em></strong></span> <span class='ocrx_word' id='word_1_57' title='bbox 577 1017 765 1093; x_wconf 76' lang='grc' dir='ltr'><strong><em>οκιοοδιός’</em></strong></span> <span class='ocrx_word' id='word_1_58' title='bbox 749 1023 1032 1102; x_wconf 81' lang='grc' dir='ltr'><strong><em>οπεισκωμόοαντο</em></strong></span> <span class='ocrx_word' id='word_1_59' title='bbox 1061 1024 1117 1106; x_wconf 72' lang='grc' dir='ltr'><strong>τὴν</strong></span> <span class='ocrx_word' id='word_1_60' title='bbox 1147 1027 1240 1108; x_wconf 83' lang='grc' dir='ltr'><strong><em>πῆξιν</em></strong></span> <span class='ocrx_word' id='word_1_61' title='bbox 1265 1023 1382 1091; x_wconf 86' lang='grc' dir='ltr'><strong><em>ου’τόθι</em></strong></span> 
     </span>
    </p>
   </div>
   <div class='ocr_carea' id='block_1_3' title="bbox 280 1113 1381 1207">
    <p class='ocr_par' dir='ltr' id='par_1_4' title="bbox 280 1113 1381 1207">
     <span class='ocr_line' id='line_1_8' title="bbox 280 1113 1381 1207; baseline 0.019 -36"><span class='ocrx_word' id='word_1_62' title='bbox 280 1113 503 1194; x_wconf 78' lang='grc' dir='ltr'><strong><em>μονιμωτέραν</em></strong></span> <span class='ocrx_word' id='word_1_63' title='bbox 534 1113 690 1199; x_wconf 75' lang='grc' dir='ltr'><strong>λαμβάνει</strong></span> <span class='ocrx_word' id='word_1_64' title='bbox 712 1144 764 1184; x_wconf 89' lang='grc' dir='ltr'><strong>και</strong></span> <span class='ocrx_word' id='word_1_65' title='bbox 761 1120 994 1206; x_wconf 91' lang='grc' dir='ltr'><strong><em>δημόσιον</em></strong></span> <span class='ocrx_word' id='word_1_66' title='bbox 961 1146 1017 1188; x_wconf 84' lang='grc' dir='ltr'><strong>τον</strong></span> <span class='ocrx_word' id='word_1_67' title='bbox 1045 1124 1278 1207; x_wconf 82' lang='grc' dir='ltr'><strong><em>χρωματισμόν</em></strong></span> <span class='ocrx_word' id='word_1_68' title='bbox 1299 1130 1381 1191; x_wconf 79' lang='grc' dir='ltr'><strong><em>α’να-</em></strong></span> 
     </span>
    </p>
   </div>
   <div class='ocr_carea' id='block_1_4' title="bbox 151 1211 1493 1410">
    <p class='ocr_par' dir='ltr' id='par_1_5' title="bbox 151 1211 1493 1410">
     <span class='ocr_line' id='line_1_9' title="bbox 282 1211 1493 1310; baseline 0.018 -36"><span class='ocrx_word' id='word_1_69' title='bbox 282 1211 421 1278; x_wconf 77' lang='grc' dir='ltr'><strong><em>δείκνυσι</em></strong></span> <span class='ocrx_word' id='word_1_70' title='bbox 448 1220 504 1297; x_wconf 81' lang='grc' dir='ltr'><strong>τῆς</strong></span> <span class='ocrx_word' id='word_1_71' title='bbox 535 1216 657 1293; x_wconf 85' lang='grc' dir='ltr'><strong><em>κακίας.</em></strong></span> <span class='ocrx_word' id='word_1_72' title='bbox 710 1221 761 1284; x_wconf 90' lang='grc' dir='ltr'><strong><em>διό</em></strong></span> <span class='ocrx_word' id='word_1_73' title='bbox 783 1245 840 1303; x_wconf 93' lang='grc' dir='ltr'><strong><em>μοι</em></strong></span> <span class='ocrx_word' id='word_1_74' title='bbox 870 1223 1049 1303; x_wconf 74' lang='grc' dir='ltr'><strong><em>θαυμάζειν</em></strong></span> <span class='ocrx_word' id='word_1_75' title='bbox 1071 1229 1249 1310; x_wconf 90' lang='grc' dir='ltr'><strong><em>περίεστιν,</em></strong></span> <span class='ocrx_word' id='word_1_76' title='bbox 1274 1229 1330 1292; x_wconf 75' lang='lat' dir='ltr'><strong>oris</strong></span> <span class='ocrx_word' id='word_1_77' title='bbox 1351 1231 1384 1294; x_wconf 80' lang='grc' dir='ltr'><strong>εί</strong></span> <span class='ocrx_word' id='word_1_78' title='bbox 1492 1215 1493 1288; x_wconf 51' lang='grc' dir='ltr'><strong><em>ό</em></strong></span> 
     </span>
     <span class='ocr_line' id='line_1_10' title="bbox 151 1301 1493 1410; baseline 0.013 -35"><span class='ocrx_word' id='word_1_79' title='bbox 151 1319 158 1335; x_wconf 83' lang='grc'><strong>“</strong></span> <span class='ocrx_word' id='word_1_80' title='bbox 249 1315 388 1395; x_wconf 63' lang='lat' dir='ltr'><strong>ardreni</strong></span> <span class='ocrx_word' id='word_1_81' title='bbox 409 1339 439 1378; x_wconf 88' lang='grc' dir='ltr'><strong><em>τι</em></strong></span> <span class='ocrx_word' id='word_1_82' title='bbox 460 1318 667 1404; x_wconf 79' lang='grc' dir='ltr'><strong><em>παράλογον,</em></strong></span> <span class='ocrx_word' id='word_1_83' title='bbox 698 1321 767 1386; x_wconf 78' lang='grc' dir='ltr'><strong><em>ἄλλ’</em></strong></span> <span class='ocrx_word' id='word_1_84' title='bbox 789 1325 821 1388; x_wconf 82' lang='grc' dir='ltr'><strong>εἶ</strong></span> <span class='ocrx_word' id='word_1_85' title='bbox 839 1320 884 1406; x_wconf 75' lang='grc' dir='ltr'><strong>μη“</strong></span> <span class='ocrx_word' id='word_1_86' title='bbox 907 1327 968 1388; x_wconf 80' lang='grc' dir='ltr'><strong>πᾶν</strong></span> <span class='ocrx_word' id='word_1_87' title='bbox 990 1327 1059 1390; x_wconf 73' lang='grc' dir='ltr'><strong><em>ἐκεῖ</em></strong></span> <span class='ocrx_word' id='word_1_88' title='bbox 1074 1324 1108 1390; x_wconf 83' lang='grc' dir='ltr'><strong>τό</strong></span> <span class='ocrx_word' id='word_1_89' title='bbox 1129 1325 1291 1410; x_wconf 73' lang='grc' dir='ltr'><strong><em>γινόμενόν</em></strong></span> <span class='ocrx_word' id='word_1_90' title='bbox 1311 1333 1380 1394; x_wconf 79' lang='grc' dir='ltr'><strong><em>ἐστι</em></strong></span> <span class='ocrx_word' id='word_1_91' title='bbox 1492 1301 1493 1356; x_wconf 40' lang='lat'><strong>³</strong></span> 
     </span>
    </p>
   </div>
   <div class='ocr_carea' id='block_1_5' title="bbox 151 1412 1493 2724">
    <p class='ocr_par' dir='ltr' id='par_1_6' title="bbox 282 1412 1493 1514">
     <span class='ocr_line' id='line_1_11' title="bbox 282 1412 1493 1514; baseline 0.018 -36"><span class='ocrx_word' id='word_1_92' title='bbox 282 1412 472 1498; x_wconf 75' lang='grc' dir='ltr'><strong><em>παράλογον.</em></strong></span> <span class='ocrx_word' id='word_1_93' title='bbox 515 1419 605 1502; x_wconf 76' lang='grc' dir='ltr'><strong><em>ἡμεῖς</em></strong></span> <span class='ocrx_word' id='word_1_94' title='bbox 627 1423 656 1486; x_wconf 89' lang='grc' dir='ltr'><strong>δ’</strong></span> <span class='ocrx_word' id='word_1_95' title='bbox 671 1425 827 1488; x_wconf 75' lang='grc' dir='ltr'><strong><em>ἐνταυθοῖ</em></strong></span> <span class='ocrx_word' id='word_1_96' title='bbox 839 1423 919 1510; x_wconf 84' lang='grc' dir='ltr'><strong><em>μη’τε</em></strong></span> <span class='ocrx_word' id='word_1_97' title='bbox 934 1425 1068 1510; x_wconf 74' lang='grc' dir='ltr'><strong><em>περισσά</em></strong></span> <span class='ocrx_word' id='word_1_98' title='bbox 1091 1426 1125 1492; x_wconf 88' lang='grc' dir='ltr'><strong>τό</strong></span> <span class='ocrx_word' id='word_1_99' title='bbox 1144 1427 1295 1514; x_wconf 86' lang='grc' dir='ltr'><strong><em>παρόπαν</em></strong></span> <span class='ocrx_word' id='word_1_100' title='bbox 1320 1433 1380 1514; x_wconf 84' lang='grc' dir='ltr'><strong>ζη-</strong></span> <span class='ocrx_word' id='word_1_101' title='bbox 1391 1449 1424 1503; x_wconf 85' lang='grc'><strong>10</strong></span> <span class='ocrx_word' id='word_1_102' title='bbox 1492 1451 1493 1472; x_wconf 66' lang='lat'>¹</span> 
     </span>
    </p>

    <p class='ocr_par' dir='ltr' id='par_1_7' title="bbox 281 1518 1493 1642">
     <span class='ocr_line' id='line_1_12' title="bbox 281 1518 1493 1642; baseline 0.014 -63"><span class='ocrx_word' id='word_1_103' title='bbox 281 1518 406 1591; x_wconf 82' lang='grc' dir='ltr'><strong><em>τοόντες</em></strong></span> <span class='ocrx_word' id='word_1_104' title='bbox 427 1522 621 1642; x_wconf 79' lang='grc' dir='ltr'><strong><em>ροφίζεοθαι</em></strong></span> <span class='ocrx_word' id='word_1_105' title='bbox 642 1527 723 1590; x_wconf 84' lang='grc' dir='ltr'><strong>καταΙ</strong></span> <span class='ocrx_word' id='word_1_106' title='bbox 744 1549 780 1608; x_wconf 81' lang='lat' dir='ltr'><strong>ya</strong></span> <span class='ocrx_word' id='word_1_107' title='bbox 801 1525 857 1610; x_wconf 80' lang='grc' dir='ltr'><strong>τήν</strong></span> <span class='ocrx_word' id='word_1_108' title='bbox 884 1525 1032 1612; x_wconf 70' lang='grc' dir='ltr'><strong><em>περιττὴν</em></strong></span> <span class='ocrx_word' id='word_1_109' title='bbox 1054 1527 1109 1593; x_wconf 82' lang='grc' dir='ltr'><strong>καί</strong></span> <span class='ocrx_word' id='word_1_110' title='bbox 1130 1521 1278 1612; x_wconf 81' lang='grc' dir='ltr'><strong><em>εότεχνον</em></strong></span> <span class='ocrx_word' id='word_1_111' title='bbox 1298 1529 1381 1595; x_wconf 84' lang='grc' dir='ltr'><strong><em>ταό-</em></strong></span> <span class='ocrx_word' id='word_1_112' title='bbox 1492 1525 1493 1530; x_wconf 32' lang='grc'><strong>“</strong></span> 
     </span>
    </p>

    <p class='ocr_par' dir='ltr' id='par_1_8' title="bbox 281 1617 1493 1750">
     <span class='ocr_line' id='line_1_13' title="bbox 281 1617 1493 1750; baseline 0.013 -72"><span class='ocrx_word' id='word_1_113' title='bbox 281 1640 337 1701; x_wconf 88' lang='grc' dir='ltr'><strong>την</strong></span> <span class='ocrx_word' id='word_1_114' title='bbox 356 1621 486 1701; x_wconf 80' lang='grc' dir='ltr'><strong><em>σοφίαν,</em></strong></span> <span class='ocrx_word' id='word_1_115' title='bbox 505 1617 617 1705; x_wconf 79' lang='grc' dir='ltr'><strong><em>μήθ’</em></strong></span> <span class='ocrx_word' id='word_1_116' title='bbox 605 1624 743 1701; x_wconf 84' lang='grc' dir='ltr'><strong><em>εαυτοός</em></strong></span> <span class='ocrx_word' id='word_1_117' title='bbox 762 1631 826 1692; x_wconf 78' lang='grc' dir='ltr'><strong>τῶν</strong></span> <span class='ocrx_word' id='word_1_118' title='bbox 839 1632 936 1692; x_wconf 82' lang='grc' dir='ltr'><strong><em>θείων</em></strong></span> <span class='ocrx_word' id='word_1_119' title='bbox 947 1632 1066 1709; x_wconf 81' lang='grc' dir='ltr'><strong><em>μᾶλλον</em></strong></span> <span class='ocrx_word' id='word_1_120' title='bbox 1079 1632 1223 1695; x_wconf 78' lang='grc' dir='ltr'><strong><em>δικαιοῦν</em></strong></span> <span class='ocrx_word' id='word_1_121' title='bbox 1237 1635 1379 1750; x_wconf 78' lang='grc' dir='ltr'><strong><em>πατρίαηκ</em></strong></span> <span class='ocrx_word' id='word_1_122' title='bbox 1434 1699 1438 1711; x_wconf 30' lang='lat' dir='ltr'><em>f</em></span> <span class='ocrx_word' id='word_1_123' title='bbox 1492 1691 1493 1694; x_wconf 74' lang='grc'><strong><em>,</em></strong></span> 
     </span>
    </p>

    <p class='ocr_par' dir='ltr' id='par_1_9' title="bbox 151 1713 1493 1816">
     <span class='ocr_line' id='line_1_14' title="bbox 151 1713 1493 1816; baseline 0.008 -30"><span class='ocrx_word' id='word_1_124' title='bbox 151 1730 172 1786; x_wconf 84' lang='lat' dir='ltr'><strong>i.</strong></span> <span class='ocrx_word' id='word_1_125' title='bbox 187 1731 268 1788; x_wconf 81' lang='lat' dir='ltr'><strong>tols.</strong></span> <span class='ocrx_word' id='word_1_126' title='bbox 281 1717 628 1803; x_wconf 79' lang='grc' dir='ltr'><strong><em>διαπληκτιζομένοος’</em></strong></span> <span class='ocrx_word' id='word_1_127' title='bbox 613 1749 646 1789; x_wconf 88' lang='grc' dir='ltr'><strong>εν</strong></span> <span class='ocrx_word' id='word_1_128' title='bbox 657 1727 682 1765; x_wconf 78' lang='lat'><strong>¹¹</strong></span> <span class='ocrx_word' id='word_1_129' title='bbox 697 1713 909 1806; x_wconf 74' lang='grc' dir='ltr'><strong><em>διαλέξεσιν</em></strong></span> <span class='ocrx_word' id='word_1_130' title='bbox 887 1753 1014 1814; x_wconf 87' lang='grc' dir='ltr'><strong><em>αμοτρα</em></strong></span> <span class='ocrx_word' id='word_1_131' title='bbox 1026 1732 1080 1794; x_wconf 87' lang='grc' dir='ltr'><strong>τόν</strong></span> <span class='ocrx_word' id='word_1_132' title='bbox 1102 1729 1281 1815; x_wconf 78' lang='grc' dir='ltr'><strong><em>καινότερον</em></strong></span> <span class='ocrx_word' id='word_1_133' title='bbox 1303 1732 1380 1816; x_wconf 89' lang='grc' dir='ltr'><strong><em>τρό-</em></strong></span> <span class='ocrx_word' id='word_1_134' title='bbox 1492 1723 1493 1748; x_wconf 22' lang='grc' dir='ltr'>ἦ</span> 
     </span>
    </p>

    <p class='ocr_par' dir='ltr' id='par_1_10' title="bbox 278 1821 1493 1928">
     <span class='ocr_line' id='line_1_15' title="bbox 278 1821 1493 1928; baseline 0.013 -47"><span class='ocrx_word' id='word_1_135' title='bbox 278 1841 347 1898; x_wconf 85' lang='grc' dir='ltr'><strong><em>πον,</em></strong></span> <span class='ocrx_word' id='word_1_136' title='bbox 368 1821 448 1886; x_wconf 71' lang='lat' dir='ltr'><strong>diti</strong></span> <span class='ocrx_word' id='word_1_137' title='bbox 470 1832 536 1898; x_wconf 76' lang='grc' dir='ltr'><strong><em>τοῖς</em></strong></span> <span class='ocrx_word' id='word_1_138' title='bbox 557 1828 616 1905; x_wconf 82' lang='grc' dir='ltr'><strong>μὲν</strong></span> <span class='ocrx_word' id='word_1_139' title='bbox 638 1821 763 1892; x_wconf 80' lang='grc' dir='ltr'><strong><em>ἇνοοθεν</em></strong></span> <span class='ocrx_word' id='word_1_140' title='bbox 783 1822 822 1892; x_wconf 78' lang='grc' dir='ltr'><strong>τό</strong></span> <span class='ocrx_word' id='word_1_141' title='bbox 840 1825 1070 1914; x_wconf 79' lang='grc' dir='ltr'><strong><em>γεγραμμένοις</em></strong></span> <span class='ocrx_word' id='word_1_142' title='bbox 1095 1835 1280 1928; x_wconf 79' lang='grc' dir='ltr'><strong><em>ε’μμένοντες</em></strong></span> <span class='ocrx_word' id='word_1_143' title='bbox 1302 1831 1380 1916; x_wconf 79' lang='grc' dir='ltr'><strong><em>δόγ-</em></strong></span> <span class='ocrx_word' id='word_1_144' title='bbox 1492 1887 1493 1906; x_wconf 62' lang='grc'><strong><em>,</em></strong></span> 
     </span>
    </p>

    <p class='ocr_par' dir='ltr' id='par_1_11' title="bbox 181 1925 1493 2052">
     <span class='ocr_line' id='line_1_16' title="bbox 181 1925 1493 2052; baseline 0.022 -70"><span class='ocrx_word' id='word_1_145' title='bbox 181 1945 186 1954; x_wconf 94' lang='grc'><strong><em>·</em></strong></span> <span class='ocrx_word' id='word_1_146' title='bbox 278 1945 367 2003; x_wconf 89' lang='grc' dir='ltr'><strong><em>μασι,</em></strong></span> <span class='ocrx_word' id='word_1_147' title='bbox 389 1949 425 1988; x_wconf 81' lang='grc' dir='ltr'><strong><em>τι</em></strong></span> <span class='ocrx_word' id='word_1_148' title='bbox 451 1927 487 1990; x_wconf 76' lang='grc' dir='ltr'><strong>δὲ</strong></span> <span class='ocrx_word' id='word_1_149' title='bbox 503 1933 662 2052; x_wconf 81' lang='grc' dir='ltr'><strong><em>σιγηθίντ’</em></strong></span> <span class='ocrx_word' id='word_1_150' title='bbox 682 1931 862 2007; x_wconf 80' lang='grc' dir='ltr'><strong><em>α’ναξαίνειν</em></strong></span> <span class='ocrx_word' id='word_1_151' title='bbox 882 1935 1016 2019; x_wconf 80' lang='grc' dir='ltr'><strong><em>μηδαμῇ</em></strong></span> <span class='ocrx_word' id='word_1_152' title='bbox 1037 1936 1195 2019; x_wconf 76' lang='grc' dir='ltr'><strong><em>μηδαμῶς</em></strong></span> <span class='ocrx_word' id='word_1_153' title='bbox 1214 1937 1378 2011; x_wconf 69' lang='grc' dir='ltr'><strong><em>α’ξιονντες</em></strong></span> <span class='ocrx_word' id='word_1_154' title='bbox 1390 1957 1422 2009; x_wconf 83' lang='grc'><strong>15</strong></span> <span class='ocrx_word' id='word_1_155' title='bbox 1492 1925 1493 1952; x_wconf 37' lang='lat'>¹</span> 
     </span>
    </p>

    <p class='ocr_par' dir='ltr' id='par_1_12' title="bbox 279 2024 1493 2220">
     <span class='ocr_line' id='line_1_17' title="bbox 279 2024 1493 2152; baseline 0.009 -64"><span class='ocrx_word' id='word_1_156' title='bbox 279 2026 355 2107; x_wconf 86' lang='grc' dir='ltr'><strong><em>μηδ’</em></strong></span> <span class='ocrx_word' id='word_1_157' title='bbox 376 2024 577 2092; x_wconf 84' lang='grc' dir='ltr'><strong><em>α’ναλόειν</em></strong></span> <span class='ocrx_word' id='word_1_158' title='bbox 555 2029 698 2114; x_wconf 87' lang='grc' dir='ltr'><strong><em>ακαίροις</em></strong></span> <span class='ocrx_word' id='word_1_159' title='bbox 720 2037 897 2116; x_wconf 83' lang='grc' dir='ltr'><strong><em>πειρᾶσθαι</em></strong></span> <span class='ocrx_word' id='word_1_160' title='bbox 922 2035 1204 2118; x_wconf 72' lang='grc' dir='ltr'><strong>οινλλογιομοις,ι</strong></span> <span class='ocrx_word' id='word_1_161' title='bbox 1188 2044 1276 2152; x_wconf 78' lang='grc' dir='ltr'><strong>ημεῖς</strong></span> <span class='ocrx_word' id='word_1_162' title='bbox 1299 2057 1332 2098; x_wconf 86' lang='grc' dir='ltr'><strong>το</strong></span> <span class='ocrx_word' id='word_1_163' title='bbox 1349 2060 1378 2099; x_wconf 94' lang='grc' dir='ltr'><strong><em>οι</em></strong></span> <span class='ocrx_word' id='word_1_164' title='bbox 1492 2025 1493 2052; x_wconf 59' lang='lat'>³</span> 
     </span>
     <span class='ocr_line' id='line_1_18' title="bbox 280 2125 1379 2220; baseline 0.009 -32"><span class='ocrx_word' id='word_1_165' title='bbox 280 2125 459 2207; x_wconf 87' lang='grc' dir='ltr'><strong><em>ποιμαίνειν</em></strong></span> <span class='ocrx_word' id='word_1_166' title='bbox 479 2129 596 2194; x_wconf 82' lang='grc' dir='ltr'><strong><em>όνθόδε</em></strong></span> <span class='ocrx_word' id='word_1_167' title='bbox 620 2134 775 2214; x_wconf 80' lang='grc' dir='ltr'><strong><em>λαχόντες</em></strong></span> <span class='ocrx_word' id='word_1_168' title='bbox 793 2137 1015 2214; x_wconf 71' lang='grc' dir='ltr'><strong><em>πνενματικῶς</em></strong></span> <span class='ocrx_word' id='word_1_169' title='bbox 1034 2138 1090 2199; x_wconf 88' lang='grc' dir='ltr'><strong>τόν</strong></span> <span class='ocrx_word' id='word_1_170' title='bbox 1109 2134 1234 2220; x_wconf 87' lang='grc' dir='ltr'><strong><em>μακρόν</em></strong></span> <span class='ocrx_word' id='word_1_171' title='bbox 1263 2134 1379 2199; x_wconf 75' lang='lat' dir='ltr'><strong>‹idede-</strong></span> 
     </span>
    </p>

    <p class='ocr_par' dir='ltr' id='par_1_13' title="bbox 279 2225 1493 2320">
     <span class='ocr_line' id='line_1_19' title="bbox 279 2225 1493 2320; baseline 0.009 -28"><span class='ocrx_word' id='word_1_172' title='bbox 279 2230 569 2310; x_wconf 59' lang='lat' dir='ltr'><strong>mediomatricis&amp;</strong></span> <span class='ocrx_word' id='word_1_173' title='bbox 595 2232 809 2314; x_wconf 84' lang='grc' dir='ltr'><strong><em>πνευματικόν</em></strong></span> <span class='ocrx_word' id='word_1_174' title='bbox 838 2230 926 2318; x_wconf 77' lang='grc' dir='ltr'><strong><em>ἡμῶν</em></strong></span> <span class='ocrx_word' id='word_1_175' title='bbox 956 2235 1073 2316; x_wconf 82' lang='grc' dir='ltr'><strong><em>όμοίοις</em></strong></span> <span class='ocrx_word' id='word_1_176' title='bbox 1096 2231 1213 2320; x_wconf 76' lang='grc' dir='ltr'><strong><em>ἄγομεν</em></strong></span> <span class='ocrx_word' id='word_1_177' title='bbox 1233 2240 1380 2318; x_wconf 75' lang='grc' dir='ltr'><strong><em>ποίμνιον</em></strong></span> <span class='ocrx_word' id='word_1_178' title='bbox 1492 2225 1493 2256; x_wconf 61' lang='lat'>³</span> 
     </span>
    </p>

    <p class='ocr_par' dir='ltr' id='par_1_14' title="bbox 280 2324 1493 2425">
     <span class='ocr_line' id='line_1_20' title="bbox 280 2324 1493 2425; baseline 0.009 -35"><span class='ocrx_word' id='word_1_179' title='bbox 280 2324 340 2392; x_wconf 82' lang='grc' dir='ltr'><strong><em>όνιό</em></strong></span> <span class='ocrx_word' id='word_1_180' title='bbox 364 2329 537 2417; x_wconf 74' lang='grc' dir='ltr'><strong><em>κυβερνήτῃ</em></strong></span> <span class='ocrx_word' id='word_1_181' title='bbox 562 2333 604 2419; x_wconf 76' lang='grc' dir='ltr'><strong>τῷ</strong></span> <span class='ocrx_word' id='word_1_182' title='bbox 635 2334 722 2423; x_wconf 84' lang='grc' dir='ltr'><strong><em>μόνρν</em></strong></span> <span class='ocrx_word' id='word_1_183' title='bbox 742 2332 868 2399; x_wconf 76' lang='grc' dir='ltr'><strong><em>πάντων</em></strong></span> <span class='ocrx_word' id='word_1_184' title='bbox 884 2338 1073 2423; x_wconf 64' lang='grc' dir='ltr'><strong><em>*δημιουργῷ</em></strong></span> <span class='ocrx_word' id='word_1_185' title='bbox 1100 2341 1156 2400; x_wconf 84' lang='grc' dir='ltr'><strong>καί</strong></span> <span class='ocrx_word' id='word_1_186' title='bbox 1174 2340 1255 2425; x_wconf 76' lang='grc' dir='ltr'><strong><em>θεῷ,</em></strong></span> <span class='ocrx_word' id='word_1_187' title='bbox 1279 2341 1380 2400; x_wconf 77' lang='grc' dir='ltr'><strong><em>πολιν·</em></strong></span> <span class='ocrx_word' id='word_1_188' title='bbox 1492 2325 1493 2334; x_wconf 31' lang='lat'>¹</span> 
     </span>
    </p>

    <p class='ocr_par' dir='ltr' id='par_1_15' title="bbox 279 2427 1493 2522">
     <span class='ocr_line' id='line_1_21' title="bbox 279 2427 1493 2522; baseline 0.009 -31"><span class='ocrx_word' id='word_1_189' title='bbox 279 2428 370 2503; x_wconf 75' lang='grc' dir='ltr'><strong><em>θείας</em></strong></span> <span class='ocrx_word' id='word_1_190' title='bbox 392 2431 428 2493; x_wconf 80' lang='grc' dir='ltr'><strong>δὲ</strong></span> <span class='ocrx_word' id='word_1_191' title='bbox 448 2435 502 2496; x_wconf 87' lang='grc' dir='ltr'><strong>καί</strong></span> <span class='ocrx_word' id='word_1_192' title='bbox 524 2432 638 2509; x_wconf 60' lang='lat' dir='ltr'><strong>doetus</strong></span> <span class='ocrx_word' id='word_1_193' title='bbox 654 2433 861 2516; x_wconf 82' lang='grc' dir='ltr'><strong><em>Παλαμικός,</em></strong></span> <span class='ocrx_word' id='word_1_194' title='bbox 884 2439 1004 2516; x_wconf 78' lang='grc' dir='ltr'><strong><em>μᾶλλον</em></strong></span> <span class='ocrx_word' id='word_1_195' title='bbox 1027 2440 1056 2500; x_wconf 76' lang='grc' dir='ltr'><strong>δ’</strong></span> <span class='ocrx_word' id='word_1_196' title='bbox 1079 2436 1233 2522; x_wconf 79' lang='grc' dir='ltr'><strong><em>ε’νσόρκοο</em></strong></span> <span class='ocrx_word' id='word_1_197' title='bbox 1258 2439 1421 2510; x_wconf 63' lang='lat' dir='ltr'><strong>ottavo-20</strong></span> <span class='ocrx_word' id='word_1_198' title='bbox 1492 2427 1493 2462; x_wconf 32' lang='grc' dir='ltr'><strong><em>ό</em></strong></span> 
     </span>
    </p>

    <p class='ocr_par' dir='ltr' id='par_1_16' title="bbox 239 2530 1493 2622">
     <span class='ocr_line' id='line_1_22' title="bbox 239 2530 1493 2622; baseline 0.007 -27"><span class='ocrx_word' id='word_1_199' title='bbox 239 2598 243 2606; x_wconf 69' lang='grc'><strong><em>,</em></strong></span> <span class='ocrx_word' id='word_1_200' title='bbox 279 2530 356 2608; x_wconf 89' lang='grc' dir='ltr'><strong><em>μίοις</em></strong></span> <span class='ocrx_word' id='word_1_201' title='bbox 376 2530 550 2620; x_wconf 80' lang='grc' dir='ltr'><strong><em>α’θίεηοικ,</em></strong></span> <span class='ocrx_word' id='word_1_202' title='bbox 571 2534 687 2601; x_wconf 75' lang='lat' dir='ltr'><strong>sedada</strong></span> <span class='ocrx_word' id='word_1_203' title='bbox 716 2538 744 2600; x_wconf 85' lang='lat' dir='ltr'><strong>d&#39;</strong></span> <span class='ocrx_word' id='word_1_204' title='bbox 765 2537 865 2601; x_wconf 81' lang='grc' dir='ltr'><strong><em>εἰπεῖν</em></strong></span> <span class='ocrx_word' id='word_1_205' title='bbox 886 2533 1053 2622; x_wconf 70' lang='grc' dir='ltr'><strong><em>ἐκκλησίας</em></strong></span> <span class='ocrx_word' id='word_1_206' title='bbox 1082 2532 1206 2622; x_wconf 78' lang='grc' dir='ltr'><strong><em>οἱπόσης</em></strong></span> <span class='ocrx_word' id='word_1_207' title='bbox 1228 2539 1379 2618; x_wconf 77' lang='grc' dir='ltr'><strong><em>καθάπαξ</em></strong></span> <span class='ocrx_word' id='word_1_208' title='bbox 1492 2559 1493 2562; x_wconf 74' lang='grc'>’</span> 
     </span>
    </p>

    <p class='ocr_par' dir='ltr' id='par_1_17' title="bbox 279 2627 1493 2724">
     <span class='ocr_line' id='line_1_23' title="bbox 279 2627 1493 2724; baseline 0.004 -26"><span class='ocrx_word' id='word_1_209' title='bbox 279 2628 458 2717; x_wconf 78' lang='grc' dir='ltr'><strong><em>όνατροιιὴν</em></strong></span> <span class='ocrx_word' id='word_1_210' title='bbox 488 2627 556 2701; x_wconf 71' lang='grc' dir='ltr'><strong>οὔτ’</strong></span> <span class='ocrx_word' id='word_1_211' title='bbox 576 2633 754 2720; x_wconf 78' lang='grc' dir='ltr'><strong><em>ἐδεξάμεθα</em></strong></span> <span class='ocrx_word' id='word_1_212' title='bbox 782 2629 858 2705; x_wconf 72' lang='lat' dir='ltr'><strong>oin</strong></span> <span class='ocrx_word' id='word_1_213' title='bbox 879 2639 944 2724; x_wconf 81' lang='grc' dir='ltr'><strong>μην</strong></span> <span class='ocrx_word' id='word_1_214' title='bbox 967 2640 1127 2721; x_wconf 81' lang='grc' dir='ltr'><strong><em>δεξαίμεθ’</em></strong></span> <span class='ocrx_word' id='word_1_215' title='bbox 1153 2633 1193 2703; x_wconf 80' lang='grc' dir='ltr'><strong>όν</strong></span> <span class='ocrx_word' id='word_1_216' title='bbox 1213 2661 1298 2720; x_wconf 91' lang='grc' dir='ltr'><strong><em>ποτε,</em></strong></span> <span class='ocrx_word' id='word_1_217' title='bbox 1320 2632 1379 2702; x_wconf 80' lang='grc' dir='ltr'><strong><em>κόν</em></strong></span> <span class='ocrx_word' id='word_1_218' title='bbox 1492 2629 1493 2662; x_wconf 63' lang='lat'>³</span> 
     </span>
    </p>
   </div>
   <div class='ocr_carea' id='block_1_6' title="bbox 192 2978 1493 4335">
    <p class='ocr_par' dir='ltr' id='par_1_18' title="bbox 192 2978 1493 4335">
     <span class='ocr_line' id='line_1_24' title="bbox 280 2978 1377 3048; baseline 0 -16"><span class='ocrx_word' id='word_1_219' title='bbox 280 2985 380 3032; x_wconf 83' lang='lat' dir='ltr'><strong>sortem</strong></span> <span class='ocrx_word' id='word_1_220' title='bbox 398 2978 557 3048; x_wconf 81' lang='lat' dir='ltr'><strong>simpliciter</strong></span> <span class='ocrx_word' id='word_1_221' title='bbox 573 2979 764 3048; x_wconf 88' lang='lat' dir='ltr'><strong>reprehensam</strong></span> <span class='ocrx_word' id='word_1_222' title='bbox 782 2980 857 3045; x_wconf 82' lang='lat' dir='ltr'><strong>volo,</strong></span> <span class='ocrx_word' id='word_1_223' title='bbox 876 2980 924 3034; x_wconf 85' lang='lat' dir='ltr'><strong>sad</strong></span> <span class='ocrx_word' id='word_1_224' title='bbox 945 2980 1113 3048; x_wconf 82' lang='lat' dir='ltr'><strong>quodetiam</strong></span> <span class='ocrx_word' id='word_1_225' title='bbox 1131 2994 1188 3032; x_wconf 88' lang='lat' dir='ltr'><strong>eam</strong></span> <span class='ocrx_word' id='word_1_226' title='bbox 1206 2979 1241 3032; x_wconf 93' lang='lat' dir='ltr'><strong>ob</strong></span> <span class='ocrx_word' id='word_1_227' title='bbox 1260 2995 1377 3046; x_wconf 83' lang='lat' dir='ltr'><strong>eausam,</strong></span> 
     </span>
     <span class='ocr_line' id='line_1_25' title="bbox 279 3051 1378 3120; baseline -0.005 -15"><span class='ocrx_word' id='word_1_228' title='bbox 279 3053 302 3105; x_wconf 88' lang='lat' dir='ltr'><strong>si</strong></span> <span class='ocrx_word' id='word_1_229' title='bbox 324 3051 432 3119; x_wconf 85' lang='lat' dir='ltr'><strong>longius</strong></span> <span class='ocrx_word' id='word_1_230' title='bbox 450 3053 619 3120; x_wconf 71' lang='lat' dir='ltr'><strong>respicimus,</strong></span> <span class='ocrx_word' id='word_1_231' title='bbox 638 3065 692 3104; x_wconf 89' lang='lat' dir='ltr'><strong>non</strong></span> <span class='ocrx_word' id='word_1_232' title='bbox 711 3054 789 3104; x_wconf 91' lang='lat' dir='ltr'><strong>modo</strong></span> <span class='ocrx_word' id='word_1_233' title='bbox 807 3052 973 3119; x_wconf 80' lang='lat' dir='ltr'><strong>publicarum</strong></span> <span class='ocrx_word' id='word_1_234' title='bbox 992 3065 1080 3104; x_wconf 88' lang='lat' dir='ltr'><strong>reram</strong></span> <span class='ocrx_word' id='word_1_235' title='bbox 1099 3051 1227 3118; x_wconf 86' lang='lat' dir='ltr'><strong>plurimas</strong></span> <span class='ocrx_word' id='word_1_236' title='bbox 1238 3052 1378 3105; x_wconf 87' lang='lat' dir='ltr'><strong>calamita..</strong></span> 
     </span>
     <span class='ocr_line' id='line_1_26' title="bbox 279 3123 1377 3191; baseline 0 -17"><span class='ocrx_word' id='word_1_237' title='bbox 279 3132 320 3175; x_wconf 83' lang='lat' dir='ltr'><strong>tes</strong></span> <span class='ocrx_word' id='word_1_238' title='bbox 346 3123 513 3189; x_wconf 88' lang='lat' dir='ltr'><strong>reperimus,</strong></span> <span class='ocrx_word' id='word_1_239' title='bbox 542 3123 589 3174; x_wconf 86' lang='lat' dir='ltr'><strong>sed</strong></span> <span class='ocrx_word' id='word_1_240' title='bbox 614 3124 730 3174; x_wconf 89' lang='lat' dir='ltr'><strong>omnium</strong></span> <span class='ocrx_word' id='word_1_241' title='bbox 748 3125 861 3176; x_wconf 82' lang='lat' dir='ltr'><strong>maiima</strong></span> <span class='ocrx_word' id='word_1_242' title='bbox 886 3124 969 3189; x_wconf 89' lang='lat' dir='ltr'><strong>ipsius</strong></span> <span class='ocrx_word' id='word_1_243' title='bbox 988 3125 1048 3191; x_wconf 89' lang='lat' dir='ltr'><strong>piae</strong></span> <span class='ocrx_word' id='word_1_244' title='bbox 1069 3123 1202 3176; x_wconf 85' lang='lat' dir='ltr'><strong>eeclesiae</strong></span> <span class='ocrx_word' id='word_1_245' title='bbox 1221 3123 1377 3177; x_wconf 79' lang='lat' dir='ltr'><strong>infortunia.</strong></span> 
     </span>
     <span class='ocr_line' id='line_1_27' title="bbox 280 3193 1378 3263; baseline -0.002 -19"><span class='ocrx_word' id='word_1_246' title='bbox 280 3201 326 3245; x_wconf 87' lang='lat' dir='ltr'><strong>aut</strong></span> <span class='ocrx_word' id='word_1_247' title='bbox 348 3195 418 3245; x_wconf 88' lang='lat' dir='ltr'><strong>enim</strong></span> <span class='ocrx_word' id='word_1_248' title='bbox 437 3193 562 3260; x_wconf 73' lang='lat' dir='ltr'><strong>Byzantii</strong></span> <span class='ocrx_word' id='word_1_249' title='bbox 580 3194 650 3246; x_wconf 88' lang='lat' dir='ltr'><strong>mala</strong></span> <span class='ocrx_word' id='word_1_250' title='bbox 668 3197 815 3262; x_wconf 86' lang='lat' dir='ltr'><strong>gignuntur</strong></span> <span class='ocrx_word' id='word_1_251' title='bbox 834 3202 914 3263; x_wconf 85' lang='lat' dir='ltr'><strong>atque</strong></span> <span class='ocrx_word' id='word_1_252' title='bbox 936 3195 998 3246; x_wconf 89' lang='lat' dir='ltr'><strong>inde</strong></span> <span class='ocrx_word' id='word_1_253' title='bbox 1018 3196 1093 3263; x_wconf 89' lang='lat' dir='ltr'><strong>quasi</strong></span> <span class='ocrx_word' id='word_1_254' title='bbox 1116 3197 1145 3246; x_wconf 90' lang='lat' dir='ltr'><strong>iu</strong></span> <span class='ocrx_word' id='word_1_255' title='bbox 1163 3208 1276 3261; x_wconf 89' lang='lat' dir='ltr'><strong>pronum</strong></span> <span class='ocrx_word' id='word_1_256' title='bbox 1296 3195 1378 3246; x_wconf 85' lang='lat' dir='ltr'><strong>effla.</strong></span> 
     </span>
     <span class='ocr_line' id='line_1_28' title="bbox 281 3264 1465 3334; baseline 0.001 -18"><span class='ocrx_word' id='word_1_257' title='bbox 281 3265 354 3316; x_wconf 81' lang='lat' dir='ltr'><strong>entia</strong></span> <span class='ocrx_word' id='word_1_258' title='bbox 374 3264 613 3317; x_wconf 74' lang='lat' dir='ltr'><strong>calamitosissimis</strong></span> <span class='ocrx_word' id='word_1_259' title='bbox 634 3266 714 3316; x_wconf 90' lang='lat' dir='ltr'><strong>rebus</strong></span> <span class='ocrx_word' id='word_1_260' title='bbox 734 3267 813 3318; x_wconf 82' lang='lat' dir='ltr'><strong>etiam</strong></span> <span class='ocrx_word' id='word_1_261' title='bbox 832 3267 951 3334; x_wconf 87' lang='lat' dir='ltr'><strong>reliquas</strong></span> <span class='ocrx_word' id='word_1_262' title='bbox 970 3266 1051 3318; x_wconf 84' lang='lat' dir='ltr'><strong>facile</strong></span> <span class='ocrx_word' id='word_1_263' title='bbox 1070 3264 1182 3333; x_wconf 90' lang='lat' dir='ltr'><strong>impleut</strong></span> <span class='ocrx_word' id='word_1_264' title='bbox 1207 3266 1304 3331; x_wconf 87' lang='lat' dir='ltr'><strong>urbes,</strong></span> <span class='ocrx_word' id='word_1_265' title='bbox 1332 3270 1379 3318; x_wconf 85' lang='lat' dir='ltr'><strong>aut</strong></span> <span class='ocrx_word' id='word_1_266' title='bbox 1461 3265 1465 3279; x_wconf 93' lang='lat'><em>&#39;</em></span> 
     </span>
     <span class='ocr_line' id='line_1_29' title="bbox 279 3335 1378 3391; baseline -0.002 -5"><span class='ocrx_word' id='word_1_267' title='bbox 279 3336 387 3388; x_wconf 82' lang='lat' dir='ltr'><strong>aliunde</strong></span> <span class='ocrx_word' id='word_1_268' title='bbox 405 3335 520 3388; x_wconf 88' lang='lat' dir='ltr'><strong>obscure</strong></span> <span class='ocrx_word' id='word_1_269' title='bbox 540 3345 567 3388; x_wconf 90' lang='lat' dir='ltr'><strong>et</strong></span> <span class='ocrx_word' id='word_1_270' title='bbox 585 3336 756 3389; x_wconf 75' lang='lat' dir='ltr'><strong>adumbratim</strong></span> <span class='ocrx_word' id='word_1_271' title='bbox 775 3336 851 3391; x_wconf 90' lang='lat' dir='ltr'><strong>iilata</strong></span> <span class='ocrx_word' id='word_1_272' title='bbox 870 3338 906 3390; x_wconf 93' lang='lat' dir='ltr'><strong>ibi</strong></span> <span class='ocrx_word' id='word_1_273' title='bbox 932 3338 1128 3389; x_wconf 81' lang='lat' dir='ltr'><strong>fundamentum</strong></span> <span class='ocrx_word' id='word_1_274' title='bbox 1147 3337 1247 3389; x_wconf 86' lang='lat' dir='ltr'><strong>firmius</strong></span> <span class='ocrx_word' id='word_1_275' title='bbox 1265 3339 1378 3389; x_wconf 81' lang='lat' dir='ltr'><strong>nausis.</strong></span> 
     </span>
     <span class='ocr_line' id='line_1_30' title="bbox 234 3407 1377 3478; baseline 0.002 -20"><span class='ocrx_word' id='word_1_276' title='bbox 234 3436 243 3441; x_wconf 96' lang='lat'>-</span> <span class='ocrx_word' id='word_1_277' title='bbox 280 3414 376 3458; x_wconf 88' lang='lat' dir='ltr'><strong>enutur</strong></span> <span class='ocrx_word' id='word_1_278' title='bbox 396 3415 424 3459; x_wconf 88' lang='lat' dir='ltr'><strong>et</strong></span> <span class='ocrx_word' id='word_1_279' title='bbox 442 3407 528 3474; x_wconf 88' lang='lat' dir='ltr'><strong>paiam</strong></span> <span class='ocrx_word' id='word_1_280' title='bbox 547 3407 742 3475; x_wconf 82' lang='lat' dir='ltr'><strong>improbitatem</strong></span> <span class='ocrx_word' id='word_1_281' title='bbox 762 3411 837 3478; x_wconf 89' lang='lat' dir='ltr'><strong>quasi</strong></span> <span class='ocrx_word' id='word_1_282' title='bbox 856 3410 956 3463; x_wconf 88' lang='lat' dir='ltr'><strong>vividis</strong></span> <span class='ocrx_word' id='word_1_283' title='bbox 976 3407 1113 3460; x_wconf 83' lang='lat' dir='ltr'><strong>coloribus</strong></span> <span class='ocrx_word' id='word_1_284' title='bbox 1138 3409 1255 3476; x_wconf 84' lang='lat' dir='ltr'><strong>indutam</strong></span> <span class='ocrx_word' id='word_1_285' title='bbox 1281 3418 1377 3461; x_wconf 86' lang='lat' dir='ltr'><strong>osteu-</strong></span> 
     </span>
     <span class='ocr_line' id='line_1_31' title="bbox 279 3479 1493 3564; baseline 0.002 -34"><span class='ocrx_word' id='word_1_286' title='bbox 279 3480 352 3531; x_wconf 88' lang='lat' dir='ltr'><strong>dunt.</strong></span> <span class='ocrx_word' id='word_1_287' title='bbox 391 3492 474 3548; x_wconf 85' lang='lat' dir='ltr'><strong>quare</strong></span> <span class='ocrx_word' id='word_1_288' title='bbox 489 3479 554 3530; x_wconf 90' lang='lat' dir='ltr'><strong>mibi</strong></span> <span class='ocrx_word' id='word_1_289' title='bbox 581 3479 672 3530; x_wconf 86' lang='lat' dir='ltr'><strong>mirari</strong></span> <span class='ocrx_word' id='word_1_290' title='bbox 691 3480 762 3532; x_wconf 89' lang='lat' dir='ltr'><strong>subit</strong></span> <span class='ocrx_word' id='word_1_291' title='bbox 785 3495 839 3532; x_wconf 91' lang='lat' dir='ltr'><strong>aon</strong></span> <span class='ocrx_word' id='word_1_292' title='bbox 863 3483 887 3533; x_wconf 91' lang='lat' dir='ltr'><strong>si</strong></span> <span class='ocrx_word' id='word_1_293' title='bbox 911 3480 974 3564; x_wconf 82' lang='lat' dir='ltr'><strong>quid</strong></span> <span class='ocrx_word' id='word_1_294' title='bbox 998 3480 1036 3531; x_wconf 90' lang='lat' dir='ltr'><strong>ibi</strong></span> <span class='ocrx_word' id='word_1_295' title='bbox 1058 3481 1156 3530; x_wconf 90' lang='lat' dir='ltr'><strong>rationi</strong></span> <span class='ocrx_word' id='word_1_296' title='bbox 1182 3480 1377 3532; x_wconf 87' lang='lat' dir='ltr'><strong>inconveniens</strong></span> <span class='ocrx_word' id='word_1_297' title='bbox 1492 3485 1493 3548; x_wconf 68' lang='lat' dir='ltr'><strong>i</strong></span> 
     </span>
     <span class='ocr_line' id='line_1_32' title="bbox 279 3549 1376 3620; baseline -0.001 -17"><span class='ocrx_word' id='word_1_298' title='bbox 279 3549 388 3614; x_wconf 83' lang='lat' dir='ltr'><strong>ineidat,</strong></span> <span class='ocrx_word' id='word_1_299' title='bbox 406 3551 453 3602; x_wconf 89' lang='lat' dir='ltr'><strong>sed</strong></span> <span class='ocrx_word' id='word_1_300' title='bbox 472 3551 494 3602; x_wconf 91' lang='lat' dir='ltr'><strong>si</strong></span> <span class='ocrx_word' id='word_1_301' title='bbox 513 3565 577 3615; x_wconf 87' lang='lat' dir='ltr'><strong>noa,</strong></span> <span class='ocrx_word' id='word_1_302' title='bbox 598 3551 726 3619; x_wconf 85' lang='lat' dir='ltr'><strong>quidquid</strong></span> <span class='ocrx_word' id='word_1_303' title='bbox 745 3553 857 3620; x_wconf 79' lang='lat' dir='ltr'><strong>geritur,</strong></span> <span class='ocrx_word' id='word_1_304' title='bbox 877 3567 892 3602; x_wconf 91' lang='lat' dir='ltr'><strong>a</strong></span> <span class='ocrx_word' id='word_1_305' title='bbox 915 3552 1020 3603; x_wconf 89' lang='lat' dir='ltr'><strong>ratione</strong></span> <span class='ocrx_word' id='word_1_306' title='bbox 1038 3550 1190 3604; x_wconf 85' lang='lat' dir='ltr'><strong>abhorreat.</strong></span> <span class='ocrx_word' id='word_1_307' title='bbox 1217 3566 1267 3604; x_wconf 90' lang='lat' dir='ltr'><strong>nos</strong></span> <span class='ocrx_word' id='word_1_308' title='bbox 1287 3560 1376 3603; x_wconf 88' lang='lat' dir='ltr'><strong>autem</strong></span> 
     </span>
     <span class='ocr_line' id='line_1_33' title="bbox 280 3622 1378 3707; baseline -0.001 -32"><span class='ocrx_word' id='word_1_309' title='bbox 280 3623 334 3688; x_wconf 87' lang='lat' dir='ltr'><strong>bie,</strong></span> <span class='ocrx_word' id='word_1_310' title='bbox 353 3622 405 3690; x_wconf 82' lang='lat' dir='ltr'><strong>qui</strong></span> <span class='ocrx_word' id='word_1_311' title='bbox 417 3635 473 3673; x_wconf 91' lang='lat' dir='ltr'><strong>non</strong></span> <span class='ocrx_word' id='word_1_312' title='bbox 492 3637 720 3707; x_wconf 76' lang='lat' dir='ltr'><strong>supervacaneum</strong></span> <span class='ocrx_word' id='word_1_313' title='bbox 746 3624 808 3692; x_wconf 90' lang='lat' dir='ltr'><strong>quid</strong></span> <span class='ocrx_word' id='word_1_314' title='bbox 838 3623 981 3676; x_wconf 89' lang='lat' dir='ltr'><strong>secundum</strong></span> <span class='ocrx_word' id='word_1_315' title='bbox 1007 3637 1233 3691; x_wconf 77' lang='lat' dir='ltr'><strong>supervacaneam</strong></span> <span class='ocrx_word' id='word_1_316' title='bbox 1256 3622 1326 3674; x_wconf 88' lang='lat' dir='ltr'><strong>bano</strong></span> <span class='ocrx_word' id='word_1_317' title='bbox 1351 3630 1378 3674; x_wconf 91' lang='lat' dir='ltr'><strong>et</strong></span> 
     </span>
     <span class='ocr_line' id='line_1_34' title="bbox 279 3694 764 3762; baseline 0 -16"><span class='ocrx_word' id='word_1_318' title='bbox 279 3694 451 3747; x_wconf 81' lang='lat' dir='ltr'><strong>artificiosam</strong></span> <span class='ocrx_word' id='word_1_319' title='bbox 468 3695 625 3761; x_wconf 87' lang='lat' dir='ltr'><strong>sapientiam</strong></span> <span class='ocrx_word' id='word_1_320' title='bbox 647 3697 764 3762; x_wconf 86' lang='lat' dir='ltr'><strong>argutari</strong></span> 
     </span>
     <span class='ocr_line' id='line_1_35' title="bbox 792 3766 1493 3835; baseline -0.004 -16"><span class='ocrx_word' id='word_1_321' title='bbox 792 3767 862 3819; x_wconf 88' lang='lat' dir='ltr'><strong>sed</strong></span> <span class='ocrx_word' id='word_1_322' title='bbox 855 3783 883 3817; x_wconf 91' lang='lat' dir='ltr'><strong>m</strong></span> <span class='ocrx_word' id='word_1_323' title='bbox 904 3766 1034 3834; x_wconf 86' lang='lat' dir='ltr'><strong>dogmatis</strong></span> <span class='ocrx_word' id='word_1_324' title='bbox 1053 3768 1199 3835; x_wconf 84' lang='lat' dir='ltr'><strong>antiquitus</strong></span> <span class='ocrx_word' id='word_1_325' title='bbox 1217 3767 1287 3818; x_wconf 90' lang='lat' dir='ltr'><strong>bene</strong></span> <span class='ocrx_word' id='word_1_326' title='bbox 1306 3766 1377 3817; x_wconf 89' lang='lat' dir='ltr'><strong>sori.</strong></span> <span class='ocrx_word' id='word_1_327' title='bbox 1492 3809 1493 3830; x_wconf 70' lang='grc'><strong><em>,</em></strong></span> 
     </span>
     <span class='ocr_line' id='line_1_36' title="bbox 280 3837 1493 3907; baseline -0.003 -18"><span class='ocrx_word' id='word_1_328' title='bbox 280 3838 333 3905; x_wconf 85' lang='lat' dir='ltr'><strong>ptis</strong></span> <span class='ocrx_word' id='word_1_329' title='bbox 353 3851 553 3904; x_wconf 87' lang='lat' dir='ltr'><strong>permaneamus</strong></span> <span class='ocrx_word' id='word_1_330' title='bbox 568 3853 667 3906; x_wconf 87' lang='lat' dir='ltr'><strong>neque,</strong></span> <span class='ocrx_word' id='word_1_331' title='bbox 678 3853 746 3907; x_wconf 89' lang='lat' dir='ltr'><strong>qaae</strong></span> <span class='ocrx_word' id='word_1_332' title='bbox 763 3838 872 3891; x_wconf 84' lang='lat' dir='ltr'><strong>silentio</strong></span> <span class='ocrx_word' id='word_1_333' title='bbox 892 3837 1014 3890; x_wconf 86' lang='lat' dir='ltr'><strong>involuta</strong></span> <span class='ocrx_word' id='word_1_334' title='bbox 1032 3848 1102 3904; x_wconf 88' lang='lat' dir='ltr'><strong>sunt,</strong></span> <span class='ocrx_word' id='word_1_335' title='bbox 1111 3838 1241 3890; x_wconf 77' lang='lat' dir='ltr'><strong>refricare</strong></span> <span class='ocrx_word' id='word_1_336' title='bbox 1260 3846 1305 3889; x_wconf 89' lang='lat' dir='ltr'><strong>aut</strong></span> <span class='ocrx_word' id='word_1_337' title='bbox 1315 3839 1378 3888; x_wconf 91' lang='lat' dir='ltr'><strong>ine.</strong></span> <span class='ocrx_word' id='word_1_338' title='bbox 1492 3863 1493 3872; x_wconf 37' lang='grc' dir='ltr'><strong><em>ι</em></strong></span> 
     </span>
     <span class='ocr_line' id='line_1_37' title="bbox 280 3909 1493 3978; baseline -0.001 -18"><span class='ocrx_word' id='word_1_339' title='bbox 280 3910 333 3976; x_wconf 85' lang='lat' dir='ltr'><strong>ptis</strong></span> <span class='ocrx_word' id='word_1_340' title='bbox 351 3909 600 3962; x_wconf 70' lang='lat' dir='ltr'><strong>ratiocinationibus</strong></span> <span class='ocrx_word' id='word_1_341' title='bbox 621 3911 749 3976; x_wconf 88' lang='lat' dir='ltr'><strong>expedire</strong></span> <span class='ocrx_word' id='word_1_342' title='bbox 768 3909 904 3974; x_wconf 78' lang='lat' dir='ltr'><strong>conemur,</strong></span> <span class='ocrx_word' id='word_1_343' title='bbox 923 3923 984 3972; x_wconf 88' lang='lat' dir='ltr'><strong>nos,</strong></span> <span class='ocrx_word' id='word_1_344' title='bbox 1003 3910 1074 3976; x_wconf 84' lang='lat' dir='ltr'><strong>dieo,</strong></span> <span class='ocrx_word' id='word_1_345' title='bbox 1094 3910 1189 3978; x_wconf 85' lang='lat' dir='ltr'><strong>quibua</strong></span> <span class='ocrx_word' id='word_1_346' title='bbox 1212 3909 1256 3960; x_wconf 89' lang='lat' dir='ltr'><strong>bie</strong></span> <span class='ocrx_word' id='word_1_347' title='bbox 1282 3917 1378 3976; x_wconf 84' lang='lat' dir='ltr'><strong>pasto.</strong></span> <span class='ocrx_word' id='word_1_348' title='bbox 1492 3937 1493 3948; x_wconf 48' lang='grc' dir='ltr'><strong><em>ι</em></strong></span> 
     </span>
     <span class='ocr_line' id='line_1_38' title="bbox 279 3980 1493 4050; baseline -0.005 -17"><span class='ocrx_word' id='word_1_349' title='bbox 279 3995 336 4033; x_wconf 91' lang='lat' dir='ltr'><strong>rum</strong></span> <span class='ocrx_word' id='word_1_350' title='bbox 357 3980 451 4032; x_wconf 83' lang='lat' dir='ltr'><strong>munus</strong></span> <span class='ocrx_word' id='word_1_351' title='bbox 470 3980 568 4048; x_wconf 87' lang='lat' dir='ltr'><strong>obtigit</strong></span> <span class='ocrx_word' id='word_1_352' title='bbox 586 3982 681 4048; x_wconf 87' lang='lat' dir='ltr'><strong>spiritu</strong></span> <span class='ocrx_word' id='word_1_353' title='bbox 700 3981 779 4033; x_wconf 90' lang='lat' dir='ltr'><strong>aiiter</strong></span> <span class='ocrx_word' id='word_1_354' title='bbox 797 3982 904 4048; x_wconf 89' lang='lat' dir='ltr'><strong>longam</strong></span> <span class='ocrx_word' id='word_1_355' title='bbox 922 3983 1004 4034; x_wconf 89' lang='lat' dir='ltr'><strong>vitam</strong></span> <span class='ocrx_word' id='word_1_356' title='bbox 1022 3981 1143 4049; x_wconf 85' lang='lat' dir='ltr'><strong>degimus</strong></span> <span class='ocrx_word' id='word_1_357' title='bbox 1164 3989 1191 4032; x_wconf 91' lang='lat' dir='ltr'><strong>et</strong></span> <span class='ocrx_word' id='word_1_358' title='bbox 1207 3986 1379 4050; x_wconf 85' lang='lat' dir='ltr'><strong>gregemno.&#39;</strong></span> <span class='ocrx_word' id='word_1_359' title='bbox 1492 4031 1493 4042; x_wconf 20' lang='lat' dir='ltr'><strong>p</strong></span> 
     </span>
     <span class='ocr_line' id='line_1_39' title="bbox 192 4047 1493 4121; baseline 0.005 -23"><span class='ocrx_word' id='word_1_360' title='bbox 192 4093 194 4098; x_wconf 93' lang='lat'><em>.</em></span> <span class='ocrx_word' id='word_1_361' title='bbox 279 4058 361 4104; x_wconf 86' lang='lat' dir='ltr'><strong>strum</strong></span> <span class='ocrx_word' id='word_1_362' title='bbox 381 4051 546 4118; x_wconf 87' lang='lat' dir='ltr'><strong>spiritualem</strong></span> <span class='ocrx_word' id='word_1_363' title='bbox 569 4053 662 4104; x_wconf 89' lang='lat' dir='ltr'><strong>eodem</strong></span> <span class='ocrx_word' id='word_1_364' title='bbox 682 4053 759 4104; x_wconf 93' lang='lat' dir='ltr'><strong>modo</strong></span> <span class='ocrx_word' id='word_1_365' title='bbox 779 4056 895 4120; x_wconf 85' lang='lat' dir='ltr'><strong>regimus</strong></span> <span class='ocrx_word' id='word_1_366' title='bbox 916 4053 965 4105; x_wconf 90' lang='lat' dir='ltr'><strong>sub</strong></span> <span class='ocrx_word' id='word_1_367' title='bbox 985 4051 1175 4121; x_wconf 86' lang='lat' dir='ltr'><strong>gubernatore,</strong></span> <span class='ocrx_word' id='word_1_368' title='bbox 1193 4052 1379 4104; x_wconf 86' lang='lat' dir='ltr'><strong>universitatis</strong></span> <span class='ocrx_word' id='word_1_369' title='bbox 1492 4047 1493 4068; x_wconf 64' lang='lat'>¹</span> 
     </span>
     <span class='ocr_line' id='line_1_40' title="bbox 278 4113 1493 4190; baseline 0.002 -16"><span class='ocrx_word' id='word_1_370' title='bbox 278 4137 366 4174; x_wconf 86' lang='lat' dir='ltr'><strong>rerum</strong></span> <span class='ocrx_word' id='word_1_371' title='bbox 386 4122 445 4174; x_wconf 91' lang='lat' dir='ltr'><strong>soio</strong></span> <span class='ocrx_word' id='word_1_372' title='bbox 465 4125 562 4190; x_wconf 86' lang='lat' dir='ltr'><strong>opiiiee</strong></span> <span class='ocrx_word' id='word_1_373' title='bbox 582 4131 660 4190; x_wconf 89' lang='lat' dir='ltr'><strong>atque</strong></span> <span class='ocrx_word' id='word_1_374' title='bbox 679 4124 739 4187; x_wconf 87' lang='lat' dir='ltr'><strong>deo,</strong></span> <span class='ocrx_word' id='word_1_375' title='bbox 759 4123 964 4190; x_wconf 77' lang='lat' dir='ltr'><strong>polytbeismam</strong></span> <span class='ocrx_word' id='word_1_376' title='bbox 982 4131 1110 4175; x_wconf 86' lang='lat' dir='ltr'><strong>autemst</strong></span> <span class='ocrx_word' id='word_1_377' title='bbox 1128 4122 1379 4186; x_wconf 75' lang='lat' dir='ltr'><strong>atheismumi’ata.</strong></span> <span class='ocrx_word' id='word_1_378' title='bbox 1492 4113 1493 4176; x_wconf 59' lang='grc' dir='ltr'><strong><em>ό</em></strong></span> 
     </span>
     <span class='ocr_line' id='line_1_41' title="bbox 291 4194 1379 4264; baseline 0 -20"><span class='ocrx_word' id='word_1_379' title='bbox 291 4208 360 4259; x_wconf 87' lang='lat' dir='ltr'><strong>mae,</strong></span> <span class='ocrx_word' id='word_1_380' title='bbox 379 4196 464 4264; x_wconf 86' lang='lat' dir='ltr'><strong>magis</strong></span> <span class='ocrx_word' id='word_1_381' title='bbox 484 4210 550 4246; x_wconf 87' lang='lat' dir='ltr'><strong>vero</strong></span> <span class='ocrx_word' id='word_1_382' title='bbox 568 4195 757 4248; x_wconf 80' lang='lat' dir='ltr'><strong>extinctionem</strong></span> <span class='ocrx_word' id='word_1_383' title='bbox 775 4197 894 4262; x_wconf 71' lang='lat' dir='ltr'><strong>mysterii</strong></span> <span class='ocrx_word' id='word_1_384' title='bbox 906 4196 1095 4247; x_wconf 80' lang='lat' dir='ltr'><strong>incarnationis</strong></span> <span class='ocrx_word' id='word_1_385' title='bbox 1114 4195 1158 4248; x_wconf 89' lang='lat' dir='ltr'><strong>dei</strong></span> <span class='ocrx_word' id='word_1_386' title='bbox 1177 4194 1222 4248; x_wconf 86' lang='lat' dir='ltr'><strong>vel</strong></span> <span class='ocrx_word' id='word_1_387' title='bbox 1233 4194 1379 4263; x_wconf 84' lang='lat' dir='ltr'><strong>quodidem</strong></span> 
     </span>
     <span class='ocr_line' id='line_1_42' title="bbox 291 4265 1380 4335; baseline -0.004 -15"><span class='ocrx_word' id='word_1_388' title='bbox 291 4271 340 4332; x_wconf 70' lang='lat' dir='ltr'><strong>est,</strong></span> <span class='ocrx_word' id='word_1_389' title='bbox 359 4266 441 4320; x_wconf 88' lang='lat' dir='ltr'><strong>totius</strong></span> <span class='ocrx_word' id='word_1_390' title='bbox 460 4266 594 4320; x_wconf 85' lang='lat' dir='ltr'><strong>ecciesiae</strong></span> <span class='ocrx_word' id='word_1_391' title='bbox 613 4265 715 4334; x_wconf 87' lang='lat' dir='ltr'><strong>planam</strong></span> <span class='ocrx_word' id='word_1_392' title='bbox 736 4268 940 4321; x_wconf 85' lang='lat' dir='ltr'><strong>conversionem</strong></span> <span class='ocrx_word' id='word_1_393' title='bbox 959 4281 1012 4319; x_wconf 85' lang='lat' dir='ltr'><strong>uon</strong></span> <span class='ocrx_word' id='word_1_394' title='bbox 1032 4267 1201 4334; x_wconf 75' lang='lat' dir='ltr'><strong>probavimus</strong></span> <span class='ocrx_word' id='word_1_395' title='bbox 1219 4281 1309 4335; x_wconf 88' lang='lat' dir='ltr'><strong>neque</strong></span> <span class='ocrx_word' id='word_1_396' title='bbox 1327 4275 1380 4316; x_wconf 86' lang='lat' dir='ltr'><strong>uu-</strong></span> 
     </span>
    </p>
   </div>
   <div class='ocr_carea' id='block_1_7' title="bbox 0 0 1502 4918">
    <p class='ocr_par' dir='ltr' id='par_1_19' title="bbox 0 0 1502 4918">
     <span class='ocr_line' id='line_1_43' title="bbox 0 0 1502 4918; baseline 0 0"><span class='ocrx_word' id='word_1_397' title='bbox 0 0 1502 4918; x_wconf 95' lang='lat' dir='ltr'><strong> </strong></span> 
     </span>
    </p>
   </div>
  </div>
 </body>
</html>
