2992 4916
300 341 374 420 544
601 355 826 424 NICEPHORI
856 355 1086 426 concoctio

303 519 430 604 celcris
451 520 571 584 πολλοῦ
591 517 808 583 Μασαλιανὸν
833 513 913 584 εἶναι
934 515 1195 605 κατεψηφισαντά
1216 513 1323 582 τεκαὶ
1346 513 1386 578 άεί

300 619 598 706 καταψηφίζονται,
619 615 700 682 πολὺ
728 617 763 684 τά
789 619 1021 708 ἀναμφίλεκτον
1051 619 1188 700 ἔχουσαι
1207 618 1264 682 καὶ
1283 614 1384 702 ἥκιστα
1470 663 1471 710 3

302 718 393 804 νέφει
422 718 680 806 συγκράπτεσθαι
711 719 885 804 δυνάμεναι
906 721 1091 805 πλάσματος
1113 718 1250 796 οὐδενός.
1272 719 1317 805 τῷ
1335 717 1385 801 γὰρ
1470 803 1471 806 ¹

300 810 355 902 τὴν
378 817 475 884 αάτοῦ
499 821 610 906 φιλιάν
632 821 665 898 ἐξ
687 819 789 906 άρχῆς
811 820 1042 888 άναπάσπαστα
1054 821 1231 906 κεκτημένῳ
1255 819 1310 884 καί
1332 810 1386 881 οἷον

300 919 333 981 ἐν
353 925 418 995 τοῖς
434 921 489 1003 τῆς
509 922 644 1005 καρδιας
664 920 826 1005 θαλάμοις
850 921 1177 1008 άγαλματοφοροῦντι,
1200 921 1248 997 τίς
1264 915 1303 984 άν
1322 927 1404 982 norst

301 1019 495 1084 πιστεύσειεν
521 1018 636 1098 ἄλλους
654 1021 794 1107 ἐλέγχειν
807 1022 1050 1108 έγκαυχωμένιρ,
1070 1023 1126 1088 καί
1147 1021 1183 1086 οὗ
1205 1021 1294 1105 μάλα
1313 1021 1385 1102 μάλ-

302 1126 356 1185 λον
378 1119 564 1206 συμμάστην
586 1123 716 1198 ἐκείνοις
737 1116 821 1187 εἶναι
840 1121 1056 1187 καῖκοινωνὸν
1073 1122 1124 1186 άεί
1142 1122 1385 1207 καταψηφιζοιτο

236 1224 470 1308 ιοπροφανῆς
499 1229 652 1308 τέτταρας
683 1222 721 1308 δὴ
749 1218 805 1287 onir
825 1223 939 1298 ταέτας
969 1221 1186 1302 ’ξυνειλοχὲναι
1214 1229 1281 1297 τοῖς
1302 1246 1386 1305 κατη-

301 1321 408 1407 γόροις
429 1323 608 1408 προτάσεις,
629 1323 686 1386 οὐκ
709 1320 844 1387 ἄλλοθέν
866 1328 965 1387 ποθεν
988 1322 1056 1386 ἀλλ’
1079 1325 1111 1400 ἐξ
1134 1313 1178 1386 ὧν
1201 1319 1296 1397 αὐτὸς
1316 1318 1385 1405 ὗπὲρ

302 1416 417 1486 ἑαυτοῦ
439 1424 620 1508 προήνεγκε,
642 1422 721 1499 τέως
741 1422 920 1508 γεγένηται,
943 1426 1069 1507 πρῶτον
1090 1424 1150 1506 μὲν
1172 1419 1221 1487 ὅτι
1241 1431 1420 1508 μυσαρω-λο

300 1522 397 1609 τέραν
427 1524 482 1589 καί
522 1522 617 1600 αὐτὸς
646 1522 781 1588 άπασάν
814 1522 970 1608 αἱρέσεων
999 1522 1055 1607 την
1084 1527 1147 1588 τῶν
1175 1509 1389 1589 Μασαλιανάν
1471 1542 1472 1598 i

301 1621 472 1707 ἡγούμενος
495 1624 628 1710 αἳρεσιν,
651 1621 693 1699 ὥς
716 1625 797 1709 φησί
818 1625 872 1687 νῦν
880 1671 889 1700 ,
914 1623 970 1687 καί
991 1621 1143 1699 συνειδώς
1174 1626 1221 1710 τῷ
1245 1618 1314 1706 ὄρει
1331 1620 1390 1686 τότε

302 1724 579 1803 ἐπιπολάζουσαν,
612 1723 667 1787 οὐκ
700 1724 897 1807 άνεκάλυψεν
928 1718 999 1789 οὔτε
1028 1722 1089 1809 πρά
1117 1727 1180 1788 τῶν
1202 1719 1308 1788 ἄλλων
1330 1719 1390 1786 οὔτε

301 1821 382 1906 μετὰ
408 1821 480 1899 τοὺς
512 1819 647 1901 ἄλλους,
681 1819 751 1890 οὔτε
784 1825 853 1890 τότε
885 1819 956 1889 οὔτε
986 1830 1054 1907 μετ’
1086 1823 1192 1910 ὀλίγον
1220 1822 1325 1900 εὐθύς,
1345 1820 1391 1886 καὶ

301 1926 401 1988 ταῦτα
423 1927 485 1988 τῶν
516 1913 641 1988 πολλῶν
672 1918 717 2002 εἷς
739 1921 784 1990 άν
806 1927 861 1991 καί
892 1923 986 2000 αὐτὸς
1007 1917 1053 2000 οἷς
1075 1931 1294 2009 συμπαρεῖναι
1315 1939 1422 2006 την-15

302 2027 403 2089 καῦτα
424 2025 480 2089 καί
502 2025 686 2110 ἀκροᾶσθαι
701 2027 877 2108 συνέβαινε.
922 2026 1067 2110 δεύτερον
1085 2025 1119 2088 δὲ
1142 2028 1210 2100 πῶς
1228 2025 1297 2089 τότε
1319 2020 1391 2105 μηδὲ

303 2134 489 2214 συνηγορεῖν
519 2127 595 2211 γοῦν
623 2127 795 2211 βουληθεὶς
834 2134 899 2203 τοῖς
931 2123 1017 2203 ὅπως
1046 2125 1120 2188 ποτὲ
1159 2123 1391 2204 υζνακαλάψασιν

304 2221 411 2303 ἄλλοις
431 2226 585 2311 τοσαάτην
606 2228 720 2292 κακιάν
741 2229 814 2306 ἐκεῖ,
839 2226 906 2290 ἀλλ’
932 2224 1013 2290 οὕτω
1032 2232 1173 2310 μακραῖς
1191 2227 1269 2288 ἐτῶν
1291 2218 1390 2306 περιό-

303 2328 372 2403 δοις
393 2325 500 2413 ὥσπερ
522 2327 591 2392 τινά
610 2327 780 2414 θησαυρὸν
810 2327 1005 2410 θαλαμεάων
1034 2329 1066 2392 έν
1089 2327 1207 2414 καράάγ
1227 2326 1283 2389 καί
1302 2321 1392 2407 μέχρι

302 2428 357 2491 νῦν
390 2427 600 2516 περιθάλπὶων
633 2427 809 2513 άνέκφορον
834 2424 890 2510 τὴν
911 2433 978 2491 κατ’
1010 2421 1093 2503 εἶδος
1123 2421 1316 2511 προαγωγὴν
1344 2417 1423 2496 uuiti

304 2526 491 2612 σαφήνειαν,
514 2527 623 2593 ἔπειτα
644 2531 699 2592 νῦν
720 2513 928 2610 ἐκπομπεάειν
949 2527 1072 2604 ἐθέλει,
1093 2529 1149 2590 τοῦ
1170 2531 1237 2602 τοῖς
1259 2521 1391 2608 ἐλέγχοις

308 2626 410 2690 πάλαι
432 2628 646 2714 προσήκοντος
664 2629 784 2714 χρόνον
800 2629 929 2704 στάντος
953 2631 987 2692 ἐκ
1010 2629 1192 2714 διαμέτρου,
1214 2619 1391 2710 καταφυγὴν

303 2731 478 2812 λεληθυῖαν
499 2730 641 2813 οἰόμενος
674 2727 753 2805 ἴσως
783 2729 957 2815 θηράσθαῖ
972 2753 1042 2793 τινα
1073 2731 1128 2793 νῦν
1149 2724 1229 2812 πρὸς
1253 2724 1391 2788 άπαλλα-

305 3039 387 3095 mnlta
406 3044 558 3097 testimonie
578 3059 662 3114 eaque
687 3041 767 3097 valde
785 3051 878 3111 aperta
903 3041 965 3094 iam.
981 3048 1059 3094 antea
1083 3039 1191 3107 saepius
1209 3040 1392 3090 accusaverant

306 3121 333 3165 et
350 3129 456 3182 semper
480 3122 623 3180 accusent,
648 3131 726 3184 quum
761 3129 881 3184 mquam
910 3113 1057 3166 firmitatem
1083 3111 1199 3163 habeant
1225 3125 1314 3178 neque
1342 3105 1392 3186 olio

305 3186 382 3238 modo
410 3186 499 3254 obtegi
525 3188 629 3255 possint
653 3201 668 3238 a
694 3201 826 3256 qnoqnam
852 3185 923 3238 nube
951 3185 1075 3236 comenti.
1124 3183 1184 3251 qnis
1211 3183 1391 3244 enimei,qu1

304 3257 382 3308 istius
400 3259 542 3310 amicitiam
561 3258 593 3310 ab
622 3259 698 3309 initio
717 3260 753 3310 ita
772 3260 892 3311 servavit
917 3263 947 3307 nt
963 3270 1095 3323 nunqnam
1113 3253 1269 3316 desciverit,
1291 3262 1392 3316 eamque

305 3328 333 3378 in
350 3329 437 3380 cordis
456 3330 497 3380 sui
522 3329 628 3398 angulis
647 3329 722 3397 quusi
740 3329 908 3382 simulacrum
928 3341 1017 3380 secum
1038 3327 1105 3388 icrt,
1132 3325 1191 3392 quis
1217 3325 1278 3375 dico
1298 3324 1322 3374 ei
1341 3317 1391 3400 nilo

305 3397 383 3449 modo
400 3399 500 3464 credet,
512 3402 534 3452 si
556 3400 624 3452 alios
638 3415 785 3468 coarguere
801 3401 890 3464 iactet,
909 3413 997 3466 neque
1015 3397 1103 3465 potius
1114 3398 1199 3464 ipsum
1212 3395 1306 3445 iisdem
1318 3401 1391 3445 sacru

305 3469 436 3520 initiatnm
456 3478 483 3521 ct
509 3472 610 3521 socium
630 3470 738 3522 illorum
759 3471 899 3523 manifesto
918 3467 1113 3536 deprehensum
1142 3463 1276 3518 accuset?
1311 3465 1391 3529 itsqoc

306 3539 403 3591 iactum
422 3546 452 3590 ut
470 3548 583 3608 quatuor
601 3539 648 3592 has
674 3557 766 3595 causas
785 3549 954 3594 accusatores
983 3538 1145 3606 colligerent
1168 3551 1223 3588 non
1253 3552 1286 3588 ex
1302 3531 1391 3586 olienis

304 3611 351 3663 sed
371 3611 454 3662 exiis
474 3627 542 3680 quse
564 3611 613 3663 ille
635 3613 693 3680 ipse
712 3614 745 3665 de
765 3631 795 3665 se
813 3618 992 3665 concesserat.
1035 3612 1061 3661 in
1080 3610 1122 3662 his
1141 3610 1241 3676 primas
1260 3603 1392 3676 quodna-

304 3677 464 3735 salianornm
484 3683 608 3736 haeresin
628 3699 704 3752 qnam
720 3700 790 3736 nnnc
808 3685 867 3751 ipsc
885 3684 950 3735 dicit
968 3683 1083 3732 omnium
1103 3696 1163 3732 esse
1182 3677 1391 3755 scelestissimam

303 3760 382 3804 antea
401 3770 479 3822 quum
505 3755 531 3806 in
550 3762 639 3806 monte
659 3757 780 3807 exerceri
806 3767 862 3806 cam
891 3761 1053 3820 compertum
1083 3751 1195 3803 haberet
1221 3764 1274 3801 non
1293 3750 1391 3805 retent,

303 3838 391 3890 nequo
410 3832 471 3876 ante
490 3826 559 3878 elios
576 3841 665 3892 neque
684 3827 755 3877 inter
773 3825 851 3890 alios,
869 3840 958 3892 neque
976 3831 1031 3875 tum
1046 3838 1135 3890 neque
1154 3829 1264 3888 postea;
1283 3827 1310 3870 et
1328 3813 1392 3885 qnod

303 3895 362 3961 ipse
381 3909 448 3947 nnus
468 3913 501 3949 cx
519 3896 575 3948 illis
593 3897 693 3961 multis,
716 3896 811 3963 quibus
830 3904 882 3947 tum
902 3897 1031 3946 intererat
1049 3902 1077 3945 ot
1093 3908 1160 3962 quos
1178 3892 1288 3944 audivit
1306 3889 1391 3946 altera,

304 3965 375 4034 quod
395 3973 450 4017 tum
471 3983 505 4018 nc
526 3983 583 4018 cnm
599 3967 659 4019 aliis
678 3967 783 4036 quidem
810 3967 855 4035 qui
874 3965 911 4018 ibi
931 3973 1030 4017 tantum
1055 3965 1144 4016 scelus
1164 3962 1333 4030 retegebant,
1350 3971 1392 4009 at·

303 4036 469 4089 cusationem
490 4037 581 4090 iacere
595 4038 690 4102 voluit,
710 4038 756 4090 sed
776 4054 824 4106 per
842 4037 940 4090 multos
958 4051 1041 4088 annos
1060 4043 1181 4104 tanquam
1200 4033 1352 4085 thesaurum
1369 4029 1393 4077 in

303 4108 384 4159 corde
404 4108 537 4167 conditum
559 4110 694 4177 usquead
714 4108 766 4160 hoc
787 4120 890 4176 tempos
904 4109 972 4160 fovit
988 4115 1016 4159 ut
1034 4122 1089 4158 rom
1109 4121 1186 4174 quam
1206 4103 1302 4155 efferre
1320 4101 1392 4152 time-

301 4177 348 4243 bat
364 4187 474 4247 propter
492 4182 545 4232 vim
563 4181 725 4244 testimonii,
746 4196 817 4232 nnnc
839 4195 905 4232 vcro
934 4179 1017 4230 multo
1035 4179 1086 4230 iam
1110 4178 1238 4244 temporis
1256 4166 1393 4226 intervrllo

269 4277 279 4291 «
308 4263 362 4324 quo
379 4252 576 4312 accusationem
603 4251 694 4306 facore
715 4267 773 4304 enm
798 4251 939 4322 oportebat
957 4249 1156 4322 praeterlapso,
1180 4249 1304 4318 proiecto
1332 4243 1393 4308 volt,
