<?xml version="1.0" encoding="UTF-8"?>
<!DOCTYPE html PUBLIC "-//W3C//DTD XHTML 1.0 Transitional//EN"
    "http://www.w3.org/TR/xhtml1/DTD/xhtml1-transitional.dtd">
<html xmlns="http://www.w3.org/1999/xhtml" xml:lang="en" lang="en">
 <head>
  <title>
</title>
<meta http-equiv="Content-Type" content="text/html;charset=utf-8" />
  <meta name='ocr-system' content='tesseract 3.04.00' />
  <meta name='ocr-capabilities' content='ocr_page ocr_carea ocr_par ocr_line ocrx_word'/>
</head>
<body>
  <div class='ocr_page' id='page_1' title='image "./nicephorigregor07schogoog_0497.png"; bbox 0 0 2926 4906; ppageno 0'>
   <div class='ocr_carea' id='block_1_1' title="bbox 275 243 1069 346">
    <p class='ocr_par' dir='ltr' id='par_1_1' title="bbox 275 243 1069 346">
     <span class='ocr_line' id='line_1_1' title="bbox 275 243 1069 346; baseline 0.013 -9"><span class='ocrx_word' id='word_1_1' title='bbox 275 260 351 338; x_wconf 77' lang='lat' dir='ltr'><strong>seo</strong></span> <span class='ocrx_word' id='word_1_2' title='bbox 581 275 806 346; x_wconf 73' lang='lat' dir='ltr'><strong>mononem</strong></span> <span class='ocrx_word' id='word_1_3' title='bbox 838 243 1069 346; x_wconf 66' lang='lat' dir='ltr'><strong>nemoris</strong></span> 
     </span>
    </p>
   </div>
   <div class='ocr_carea' id='block_1_2' title="bbox 149 434 1452 2639">
    <p class='ocr_par' dir='ltr' id='par_1_2' title="bbox 149 434 1452 2704">
     <span class='ocr_line' id='line_1_2' title="bbox 276 434 1365 526; baseline 0 -24"><span class='ocrx_word' id='word_1_4' title='bbox 276 439 451 526; x_wconf 75' lang='grc' dir='ltr'>ἐπιστήμην</span> <span class='ocrx_word' id='word_1_5' title='bbox 480 440 559 526; x_wconf 81' lang='grc' dir='ltr'><strong><em>μήτε</em></strong></span> <span class='ocrx_word' id='word_1_6' title='bbox 589 439 683 505; x_wconf 82' lang='grc' dir='ltr'><strong><em>θείαν</em></strong></span> <span class='ocrx_word' id='word_1_7' title='bbox 715 438 786 526; x_wconf 64' lang='grc' dir='ltr'><strong>μήτ’</strong></span> <span class='ocrx_word' id='word_1_8' title='bbox 821 439 1045 526; x_wconf 71' lang='grc' dir='ltr'><strong><em>ἀνθρωπίνην,</em></strong></span> <span class='ocrx_word' id='word_1_9' title='bbox 1078 439 1158 526; x_wconf 77' lang='grc' dir='ltr'><strong><em>μήτε</em></strong></span> <span class='ocrx_word' id='word_1_10' title='bbox 1179 437 1269 526; x_wconf 70' lang='grc' dir='ltr'><strong><em>λόγον</em></strong></span> <span class='ocrx_word' id='word_1_11' title='bbox 1288 434 1365 520; x_wconf 79' lang='grc' dir='ltr'><strong><em>ἔχειν</em></strong></span> 
     </span>
     <span class='ocr_line' id='line_1_3' title="bbox 277 535 1365 630; baseline -0.002 -26"><span class='ocrx_word' id='word_1_12' title='bbox 277 539 390 607; x_wconf 81' lang='grc' dir='ltr'><strong><em>ούδένα</em></strong></span> <span class='ocrx_word' id='word_1_13' title='bbox 413 542 515 628; x_wconf 73' lang='grc' dir='ltr'><strong><em>λέγειν</em></strong></span> <span class='ocrx_word' id='word_1_14' title='bbox 534 568 565 608; x_wconf 90' lang='grc' dir='ltr'><strong>τι</strong></span> <span class='ocrx_word' id='word_1_15' title='bbox 585 545 647 608; x_wconf 89' lang='grc' dir='ltr'><strong>τῶν</strong></span> <span class='ocrx_word' id='word_1_16' title='bbox 666 535 764 608; x_wconf 74' lang='grc' dir='ltr'><strong><em>ὄντων</em></strong></span> <span class='ocrx_word' id='word_1_17' title='bbox 794 539 939 608; x_wconf 87' lang='grc' dir='ltr'><strong><em>ἀνούσιον</em></strong></span> <span class='ocrx_word' id='word_1_18' title='bbox 960 539 1085 630; x_wconf 85' lang='grc' dir='ltr'><strong><em>δρατύν.</em></strong></span> <span class='ocrx_word' id='word_1_19' title='bbox 1133 542 1238 606; x_wconf 85' lang='grc' dir='ltr'><strong><em>καίτοι</em></strong></span> <span class='ocrx_word' id='word_1_20' title='bbox 1259 541 1365 618; x_wconf 84' lang='grc' dir='ltr'><strong><em>ἐκεῖνος</em></strong></span> 
     </span>
     <span class='ocr_line' id='line_1_4' title="bbox 275 639 1365 734; baseline -0.01 -21"><span class='ocrx_word' id='word_1_21' title='bbox 275 649 335 734; x_wconf 82' lang='grc' dir='ltr'><strong>μὲν</strong></span> <span class='ocrx_word' id='word_1_22' title='bbox 355 643 478 710; x_wconf 83' lang='grc' dir='ltr'><strong><em>κτιστδν</em></strong></span> <span class='ocrx_word' id='word_1_23' title='bbox 499 643 599 728; x_wconf 76' lang='grc' dir='ltr'><strong><em>λέγων</em></strong></span> <span class='ocrx_word' id='word_1_24' title='bbox 626 642 702 707; x_wconf 85' lang='grc' dir='ltr'><strong><em>θεὸν</em></strong></span> <span class='ocrx_word' id='word_1_25' title='bbox 731 639 818 726; x_wconf 81' lang='grc' dir='ltr'><strong><em>ὅμως</em></strong></span> <span class='ocrx_word' id='word_1_26' title='bbox 853 641 970 728; x_wconf 85' lang='grc' dir='ltr'><strong><em>δρατόν</em></strong></span> <span class='ocrx_word' id='word_1_27' title='bbox 998 641 1054 706; x_wconf 86' lang='grc' dir='ltr'><strong>ούκ</strong></span> <span class='ocrx_word' id='word_1_28' title='bbox 1080 642 1221 727; x_wconf 76' lang='grc' dir='ltr'><strong><em>ἐδυνήθη</em></strong></span> <span class='ocrx_word' id='word_1_29' title='bbox 1243 664 1365 726; x_wconf 69' lang='grc' dir='ltr'><strong><em>προσει.</em></strong></span> 
     </span>
     <span class='ocr_line' id='line_1_5' title="bbox 276 741 1365 830; baseline -0.01 -16"><span class='ocrx_word' id='word_1_30' title='bbox 276 755 364 815; x_wconf 90' lang='grc' dir='ltr'><strong><em>πεῖν·</em></strong></span> <span class='ocrx_word' id='word_1_31' title='bbox 414 743 590 830; x_wconf 44' lang='grc' dir='ltr'><strong><em>,ύπέρτερον</em></strong></span> <span class='ocrx_word' id='word_1_32' title='bbox 614 741 675 830; x_wconf 78' lang='grc' dir='ltr'><strong>γὰρ</strong></span> <span class='ocrx_word' id='word_1_33' title='bbox 706 747 768 808; x_wconf 86' lang='grc' dir='ltr'><strong>τῶν</strong></span> <span class='ocrx_word' id='word_1_34' title='bbox 795 743 965 829; x_wconf 75' lang='grc' dir='ltr'><strong><em>ἀγγελικῶν</em></strong></span> <span class='ocrx_word' id='word_1_35' title='bbox 999 743 1114 808; x_wconf 89' lang='grc' dir='ltr'><strong><em>ούσιῶν</em></strong></span> <span class='ocrx_word' id='word_1_36' title='bbox 1136 741 1365 828; x_wconf 75' lang='grc' dir='ltr'><strong><em>ἀποφηναμένη</em></strong></span> 
     </span>
     <span class='ocr_line' id='line_1_6' title="bbox 276 835 1385 932; baseline -0.011 -18"><span class='ocrx_word' id='word_1_37' title='bbox 276 849 313 914; x_wconf 83' lang='grc' dir='ltr'><strong>ού</strong></span> <span class='ocrx_word' id='word_1_38' title='bbox 335 847 420 932; x_wconf 66' lang='grc' dir='ltr'><strong><em>μένε’</em></strong></span> <span class='ocrx_word' id='word_1_39' title='bbox 446 841 483 911; x_wconf 83' lang='grc' dir='ltr'><strong>ἀν</strong></span> <span class='ocrx_word' id='word_1_40' title='bbox 502 843 589 931; x_wconf 77' lang='grc' dir='ltr'><strong><em>αύτῷ</em></strong></span> <span class='ocrx_word' id='word_1_41' title='bbox 612 842 746 910; x_wconf 83' lang='grc' dir='ltr'><strong><em>δυνατὸν</em></strong></span> <span class='ocrx_word' id='word_1_42' title='bbox 775 843 882 909; x_wconf 82' lang='grc' dir='ltr'><strong><em>ἔπειτα</em></strong></span> <span class='ocrx_word' id='word_1_43' title='bbox 907 838 956 931; x_wconf 79' lang='grc' dir='ltr'><strong>ἦν,</strong></span> <span class='ocrx_word' id='word_1_44' title='bbox 988 843 1133 926; x_wconf 77' lang='grc' dir='ltr'><strong><em>ἀοράτων</em></strong></span> <span class='ocrx_word' id='word_1_45' title='bbox 1162 843 1289 907; x_wconf 80' lang='grc' dir='ltr'><strong><em>ἐκείνων</em></strong></span> <span class='ocrx_word' id='word_1_46' title='bbox 1308 835 1385 912; x_wconf 72' lang='grc' dir='ltr'><strong><em>ὀυ’-5</em></strong></span> 
     </span>
     <span class='ocr_line' id='line_1_7' title="bbox 276 933 1450 1034; baseline -0.009 -19"><span class='ocrx_word' id='word_1_47' title='bbox 276 953 350 1027; x_wconf 89' lang='grc' dir='ltr'><strong><em>σῶν,</em></strong></span> <span class='ocrx_word' id='word_1_48' title='bbox 373 943 605 1034; x_wconf 62' lang='lat' dir='ltr'><strong>consororinos</strong></span> <span class='ocrx_word' id='word_1_49' title='bbox 634 943 845 1030; x_wconf 73' lang='grc' dir='ltr'><strong><em>δογματίσαι·</em></strong></span> <span class='ocrx_word' id='word_1_50' title='bbox 898 945 1064 1026; x_wconf 82' lang='grc' dir='ltr'><strong><em>Παλαμᾶς</em></strong></span> <span class='ocrx_word' id='word_1_51' title='bbox 1093 943 1127 1007; x_wconf 81' lang='grc' dir='ltr'><strong>δὲ</strong></span> <span class='ocrx_word' id='word_1_52' title='bbox 1146 941 1202 1006; x_wconf 82' lang='grc' dir='ltr'><strong><em>καί</em></strong></span> <span class='ocrx_word' id='word_1_53' title='bbox 1223 941 1365 1026; x_wconf 80' lang='grc' dir='ltr'><strong><em>συλλογί-</em></strong></span> <span class='ocrx_word' id='word_1_54' title='bbox 1449 933 1450 1024; x_wconf 67' lang='lat' dir='ltr'><strong>l</strong></span> 
     </span>
     <span class='ocr_line' id='line_1_8' title="bbox 274 1031 1450 1130; baseline -0.009 -15"><span class='ocrx_word' id='word_1_55' title='bbox 274 1053 400 1116; x_wconf 79' lang='grc' dir='ltr'><strong><em>σασθαι</em></strong></span> <span class='ocrx_word' id='word_1_56' title='bbox 418 1045 586 1130; x_wconf 81' lang='grc' dir='ltr'><strong><em>τετόλμηκε</em></strong></span> <span class='ocrx_word' id='word_1_57' title='bbox 606 1043 647 1110; x_wconf 80' lang='grc' dir='ltr'><strong>ταὶ</strong></span> <span class='ocrx_word' id='word_1_58' title='bbox 668 1044 890 1130; x_wconf 74' lang='grc' dir='ltr'><strong><em>ἀσυλλόγιστα,</em></strong></span> <span class='ocrx_word' id='word_1_59' title='bbox 911 1043 966 1108; x_wconf 82' lang='grc' dir='ltr'><strong>καί</strong></span> <span class='ocrx_word' id='word_1_60' title='bbox 998 1043 1183 1130; x_wconf 79' lang='grc' dir='ltr'><strong><em>ἐξηρεύξατο</em></strong></span> <span class='ocrx_word' id='word_1_61' title='bbox 1205 1041 1246 1106; x_wconf 84' lang='grc' dir='ltr'><strong>τοὶ</strong></span> <span class='ocrx_word' id='word_1_62' title='bbox 1270 1041 1366 1125; x_wconf 90' lang='grc' dir='ltr'><strong><em>ἀσύμ-</em></strong></span> <span class='ocrx_word' id='word_1_63' title='bbox 1449 1031 1450 1078; x_wconf 83' lang='lat' dir='ltr'><strong>l</strong></span> 
     </span>
     <span class='ocr_line' id='line_1_9' title="bbox 272 1142 1366 1236; baseline -0.008 -22"><span class='ocrx_word' id='word_1_64' title='bbox 272 1149 373 1236; x_wconf 79' lang='grc' dir='ltr'><strong><em>βλητά</em></strong></span> <span class='ocrx_word' id='word_1_65' title='bbox 393 1171 427 1212; x_wconf 87' lang='grc' dir='ltr'><strong>τε</strong></span> <span class='ocrx_word' id='word_1_66' title='bbox 446 1146 502 1211; x_wconf 81' lang='grc' dir='ltr'><strong>καί</strong></span> <span class='ocrx_word' id='word_1_67' title='bbox 521 1143 566 1225; x_wconf 85' lang='grc' dir='ltr'><strong>ῶς</strong></span> <span class='ocrx_word' id='word_1_68' title='bbox 589 1145 707 1212; x_wconf 81' lang='grc' dir='ltr'><strong><em>ἐπίπαν</em></strong></span> <span class='ocrx_word' id='word_1_69' title='bbox 737 1143 926 1231; x_wconf 82' lang='grc' dir='ltr'><strong><em>ἀσύμφωνα,</em></strong></span> <span class='ocrx_word' id='word_1_70' title='bbox 956 1143 993 1208; x_wconf 91' lang='grc' dir='ltr'><strong>ού</strong></span> <span class='ocrx_word' id='word_1_71' title='bbox 1015 1142 1098 1208; x_wconf 83' lang='grc' dir='ltr'><strong><em>κατὰ</em></strong></span> <span class='ocrx_word' id='word_1_72' title='bbox 1119 1144 1282 1228; x_wconf 76' lang='grc' dir='ltr'><strong><em>ποιητικήν</em></strong></span> <span class='ocrx_word' id='word_1_73' title='bbox 1302 1167 1366 1206; x_wconf 91' lang='grc' dir='ltr'><strong><em>τινα</em></strong></span> 
     </span>
     <span class='ocr_line' id='line_1_10' title="bbox 272 1240 1366 1335; baseline -0.01 -19"><span class='ocrx_word' id='word_1_74' title='bbox 272 1254 334 1316; x_wconf 89' lang='grc' dir='ltr'><strong>τῶν</strong></span> <span class='ocrx_word' id='word_1_75' title='bbox 356 1247 500 1335; x_wconf 84' lang='grc' dir='ltr'><strong><em>θύραθεν</em></strong></span> <span class='ocrx_word' id='word_1_76' title='bbox 533 1243 665 1324; x_wconf 66' lang='lat' dir='ltr'><strong>tectae,</strong></span> <span class='ocrx_word' id='word_1_77' title='bbox 699 1245 781 1310; x_wconf 86' lang='grc' dir='ltr'><strong>ἀλλά</strong></span> <span class='ocrx_word' id='word_1_78' title='bbox 807 1243 888 1310; x_wconf 85' lang='grc' dir='ltr'><strong>κατά</strong></span> <span class='ocrx_word' id='word_1_79' title='bbox 911 1244 1144 1330; x_wconf 79' lang='grc' dir='ltr'><strong><em>ἀνεπιστήμονα</em></strong></span> <span class='ocrx_word' id='word_1_80' title='bbox 1173 1240 1366 1326; x_wconf 75' lang='grc' dir='ltr'><strong><em>Παλαμικην</em></strong></span> 
     </span>
     <span class='ocr_line' id='line_1_11' title="bbox 273 1341 1395 1432; baseline -0.01 -17"><span class='ocrx_word' id='word_1_81' title='bbox 273 1349 467 1428; x_wconf 79' lang='grc' dir='ltr'><strong><em>αὐθάδειαν·</em></strong></span> <span class='ocrx_word' id='word_1_82' title='bbox 511 1341 581 1412; x_wconf 83' lang='grc' dir='ltr'><strong><em>ούτε</em></strong></span> <span class='ocrx_word' id='word_1_83' title='bbox 601 1345 663 1432; x_wconf 76' lang='grc' dir='ltr'><strong>μάρ</strong></span> <span class='ocrx_word' id='word_1_84' title='bbox 688 1344 793 1412; x_wconf 82' lang='grc' dir='ltr'><strong><em>οὐδενί</em></strong></span> <span class='ocrx_word' id='word_1_85' title='bbox 812 1349 874 1411; x_wconf 91' lang='grc' dir='ltr'><strong>τῶν</strong></span> <span class='ocrx_word' id='word_1_86' title='bbox 895 1346 1040 1432; x_wconf 79' lang='grc' dir='ltr'><strong><em>θύραθεν</em></strong></span> <span class='ocrx_word' id='word_1_87' title='bbox 1054 1348 1164 1431; x_wconf 81' lang='grc' dir='ltr'><strong><em>σοφῶν</em></strong></span> <span class='ocrx_word' id='word_1_88' title='bbox 1185 1341 1305 1409; x_wconf 70' lang='grc' dir='ltr'><strong><em>πώποτ’</em></strong></span> <span class='ocrx_word' id='word_1_89' title='bbox 1327 1343 1395 1419; x_wconf 70' lang='lat' dir='ltr'><strong>siglo</strong></span> 
     </span>
     <span class='ocr_line' id='line_1_12' title="bbox 271 1443 1363 1542; baseline -0.006 -27"><span class='ocrx_word' id='word_1_90' title='bbox 271 1453 345 1516; x_wconf 81' lang='grc' dir='ltr'><strong><em>νοῶν</em></strong></span> <span class='ocrx_word' id='word_1_91' title='bbox 364 1450 492 1534; x_wconf 83' lang='grc' dir='ltr'><strong><em>τοιαύτη</em></strong></span> <span class='ocrx_word' id='word_1_92' title='bbox 512 1474 559 1525; x_wconf 88' lang='grc' dir='ltr'><strong>τις</strong></span> <span class='ocrx_word' id='word_1_93' title='bbox 579 1445 701 1533; x_wconf 79' lang='grc' dir='ltr'><strong><em>η’νέχθη</em></strong></span> <span class='ocrx_word' id='word_1_94' title='bbox 714 1449 869 1534; x_wconf 86' lang='grc' dir='ltr'><strong><em>τερατεία,</em></strong></span> <span class='ocrx_word' id='word_1_95' title='bbox 892 1443 962 1514; x_wconf 73' lang='lat' dir='ltr'><strong>eive</strong></span> <span class='ocrx_word' id='word_1_96' title='bbox 976 1444 1040 1530; x_wconf 77' lang='grc' dir='ltr'><strong>μὴν</strong></span> <span class='ocrx_word' id='word_1_97' title='bbox 1061 1448 1239 1542; x_wconf 70' lang='grc' dir='ltr'><strong><em>βαρβάρων</em></strong></span> <span class='ocrx_word' id='word_1_98' title='bbox 1265 1443 1363 1526; x_wconf 80' lang='grc' dir='ltr'><strong><em>ἔψαυ-</em></strong></span> 
     </span>
     <span class='ocr_line' id='line_1_13' title="bbox 272 1538 1451 1634; baseline -0.008 -17"><span class='ocrx_word' id='word_1_99' title='bbox 272 1551 310 1618; x_wconf 80' lang='grc' dir='ltr'><strong><em>σέ</em></strong></span> <span class='ocrx_word' id='word_1_100' title='bbox 328 1575 411 1628; x_wconf 88' lang='grc' dir='ltr'><strong><em>τινος</em></strong></span> <span class='ocrx_word' id='word_1_101' title='bbox 432 1548 584 1634; x_wconf 76' lang='grc' dir='ltr'><strong><em>λομισμοῦ</em></strong></span> <span class='ocrx_word' id='word_1_102' title='bbox 607 1547 774 1634; x_wconf 80' lang='grc' dir='ltr'><strong><em>τηλικαύτη</em></strong></span> <span class='ocrx_word' id='word_1_103' title='bbox 794 1550 903 1634; x_wconf 73' lang='grc' dir='ltr'><strong><em>μωρία</em></strong></span> <span class='ocrx_word' id='word_1_104' title='bbox 920 1547 1021 1632; x_wconf 79' lang='grc' dir='ltr'><strong><em>μέχρι</em></strong></span> <span class='ocrx_word' id='word_1_105' title='bbox 1043 1547 1098 1611; x_wconf 83' lang='grc' dir='ltr'><strong>καί</strong></span> <span class='ocrx_word' id='word_1_106' title='bbox 1116 1546 1263 1630; x_wconf 82' lang='grc' dir='ltr'><strong><em>τήμερον.</em></strong></span> <span class='ocrx_word' id='word_1_107' title='bbox 1306 1544 1361 1608; x_wconf 83' lang='grc' dir='ltr'><strong><em>λεί-</em></strong></span> <span class='ocrx_word' id='word_1_108' title='bbox 1450 1538 1451 1554; x_wconf 65' lang='grc'>’</span> 
     </span>
     <span class='ocr_line' id='line_1_14' title="bbox 223 1643 1361 1733; baseline -0.008 -18"><span class='ocrx_word' id='word_1_109' title='bbox 223 1677 225 1686; x_wconf 76' lang='grc'><strong>’</strong></span> <span class='ocrx_word' id='word_1_110' title='bbox 271 1674 364 1718; x_wconf 88' lang='grc' dir='ltr'><strong><em>πετυι</em></strong></span> <span class='ocrx_word' id='word_1_111' title='bbox 386 1644 441 1714; x_wconf 83' lang='grc' dir='ltr'><strong>ούν</strong></span> <span class='ocrx_word' id='word_1_112' title='bbox 459 1650 614 1713; x_wconf 78' lang='grc' dir='ltr'><strong><em>ἐνταυθοῖ</em></strong></span> <span class='ocrx_word' id='word_1_113' title='bbox 640 1647 816 1733; x_wconf 76' lang='grc' dir='ltr'><strong><em>γενομένοις</em></strong></span> <span class='ocrx_word' id='word_1_114' title='bbox 843 1649 899 1714; x_wconf 79' lang='grc' dir='ltr'><strong>καί</strong></span> <span class='ocrx_word' id='word_1_115' title='bbox 920 1647 997 1733; x_wconf 77' lang='grc' dir='ltr'><strong><em>ἡμῖν</em></strong></span> <span class='ocrx_word' id='word_1_116' title='bbox 1004 1695 1014 1726; x_wconf 89' lang='grc'><strong><em>,</em></strong></span> <span class='ocrx_word' id='word_1_117' title='bbox 1043 1648 1151 1733; x_wconf 75' lang='grc' dir='ltr'><strong><em>σιωπῇ</em></strong></span> <span class='ocrx_word' id='word_1_118' title='bbox 1179 1643 1220 1708; x_wconf 76' lang='lat' dir='ltr'><strong>noi</strong></span> <span class='ocrx_word' id='word_1_119' title='bbox 1240 1646 1361 1710; x_wconf 68' lang='grc' dir='ltr'><strong><em>τοιαῦτα</em></strong></span> 
     </span>
     <span class='ocr_line' id='line_1_15' title="bbox 271 1733 1361 1834; baseline -0.006 -20"><span class='ocrx_word' id='word_1_120' title='bbox 271 1749 526 1834; x_wconf 78' lang='grc' dir='ltr'><strong><em>βδελυξαμὲνοις,</em></strong></span> <span class='ocrx_word' id='word_1_121' title='bbox 547 1746 644 1832; x_wconf 76' lang='grc' dir='ltr'><strong><em>ἀκοὴν</em></strong></span> <span class='ocrx_word' id='word_1_122' title='bbox 670 1733 896 1834; x_wconf 79' lang='grc' dir='ltr'><strong><em>παραδραμεῖν</em></strong></span> <span class='ocrx_word' id='word_1_123' title='bbox 918 1747 1064 1833; x_wconf 88' lang='grc' dir='ltr'><strong><em>μανιῶδη</em></strong></span> <span class='ocrx_word' id='word_1_124' title='bbox 1092 1746 1147 1812; x_wconf 85' lang='grc' dir='ltr'><strong><em>καί</em></strong></span> <span class='ocrx_word' id='word_1_125' title='bbox 1180 1745 1361 1827; x_wconf 86' lang='grc' dir='ltr'><strong><em>δυσσεβείας</em></strong></span> 
     </span>
     <span class='ocr_line' id='line_1_16' title="bbox 161 1847 1387 1936; baseline -0.007 -10"><span class='ocrx_word' id='word_1_126' title='bbox 161 1855 168 1874; x_wconf 74' lang='grc'>’</span> <span class='ocrx_word' id='word_1_127' title='bbox 270 1847 397 1936; x_wconf 73' lang='grc' dir='ltr'><strong><em>μεστήν·</em></strong></span> <span class='ocrx_word' id='word_1_128' title='bbox 1367 1867 1387 1918; x_wconf 84' lang='grc' dir='ltr'><strong><em>ο</em></strong></span> 
     </span>
     <span class='ocr_line' id='line_1_17' title="bbox 206 1943 1359 2036; baseline 0.001 -28"><span class='ocrx_word' id='word_1_129' title='bbox 206 1956 261 2008; x_wconf 71' lang='lat'><strong>8!</strong></span> <span class='ocrx_word' id='word_1_130' title='bbox 355 1950 445 2036; x_wconf 80' lang='grc' dir='ltr'><strong><em>Περὶ</em></strong></span> <span class='ocrx_word' id='word_1_131' title='bbox 457 1951 516 2032; x_wconf 81' lang='grc' dir='ltr'><strong>μὲν</strong></span> <span class='ocrx_word' id='word_1_132' title='bbox 530 1943 586 2013; x_wconf 87' lang='grc' dir='ltr'><strong>ούν</strong></span> <span class='ocrx_word' id='word_1_133' title='bbox 606 1949 663 2014; x_wconf 87' lang='grc' dir='ltr'><strong>τού</strong></span> <span class='ocrx_word' id='word_1_134' title='bbox 674 1945 723 2014; x_wconf 85' lang='grc' dir='ltr'><strong>δτι</strong></span> <span class='ocrx_word' id='word_1_135' title='bbox 739 1953 808 2036; x_wconf 82' lang='grc' dir='ltr'><strong>φῶς</strong></span> <span class='ocrx_word' id='word_1_136' title='bbox 820 1951 854 2016; x_wconf 76' lang='grc' dir='ltr'><strong>ἐν</strong></span> <span class='ocrx_word' id='word_1_137' title='bbox 869 1945 1011 2016; x_wconf 71' lang='grc' dir='ltr'><strong><em>οἴκτιστόν</em></strong></span> <span class='ocrx_word' id='word_1_138' title='bbox 1030 1950 1115 2014; x_wconf 88' lang='grc' dir='ltr'><strong><em>ἐστιν</em></strong></span> <span class='ocrx_word' id='word_1_139' title='bbox 1126 1945 1147 2034; x_wconf 80' lang='grc' dir='ltr'><em>ἦ</em></span> <span class='ocrx_word' id='word_1_140' title='bbox 1159 1947 1220 2030; x_wconf 88' lang='grc' dir='ltr'><strong>μία</strong></span> <span class='ocrx_word' id='word_1_141' title='bbox 1240 1945 1297 2012; x_wconf 82' lang='grc' dir='ltr'><strong>καί</strong></span> <span class='ocrx_word' id='word_1_142' title='bbox 1306 1973 1359 2028; x_wconf 89' lang='grc' dir='ltr'><strong>μυ-</strong></span> 
     </span>
     <span class='ocr_line' id='line_1_18' title="bbox 270 2045 1354 2140; baseline -0.005 -25"><span class='ocrx_word' id='word_1_143' title='bbox 270 2050 367 2137; x_wconf 81' lang='grc' dir='ltr'><strong><em>καρία</em></strong></span> <span class='ocrx_word' id='word_1_144' title='bbox 381 2050 436 2116; x_wconf 85' lang='grc' dir='ltr'><strong><em>καί</em></strong></span> <span class='ocrx_word' id='word_1_145' title='bbox 452 2047 597 2136; x_wconf 75' lang='grc' dir='ltr'><strong><em>ποιητικὴ</em></strong></span> <span class='ocrx_word' id='word_1_146' title='bbox 613 2051 674 2115; x_wconf 93' lang='grc' dir='ltr'><strong>τῶν</strong></span> <span class='ocrx_word' id='word_1_147' title='bbox 692 2056 759 2133; x_wconf 75' lang='grc' dir='ltr'><strong><em>μετ’</em></strong></span> <span class='ocrx_word' id='word_1_148' title='bbox 780 2048 877 2136; x_wconf 81' lang='grc' dir='ltr'><strong><em>αύτην</em></strong></span> <span class='ocrx_word' id='word_1_149' title='bbox 897 2049 1045 2116; x_wconf 78' lang='grc' dir='ltr'><strong><em>ἀπάντων</em></strong></span> <span class='ocrx_word' id='word_1_150' title='bbox 1061 2048 1173 2132; x_wconf 83' lang='grc' dir='ltr'><strong><em>θεύτης</em></strong></span> <span class='ocrx_word' id='word_1_151' title='bbox 1184 2045 1206 2132; x_wconf 83' lang='grc' dir='ltr'><em>ἦ</em></span> <span class='ocrx_word' id='word_1_152' title='bbox 1216 2045 1354 2140; x_wconf 64' lang='grc' dir='ltr'><strong><em>τρισυπύ</em></strong></span> 
     </span>
     <span class='ocr_line' id='line_1_19' title="bbox 270 2145 1357 2237; baseline -0.007 -19"><span class='ocrx_word' id='word_1_153' title='bbox 270 2176 391 2230; x_wconf 84' lang='grc' dir='ltr'><strong><em>στατος,</em></strong></span> <span class='ocrx_word' id='word_1_154' title='bbox 412 2149 452 2237; x_wconf 77' lang='grc' dir='ltr'><strong>ἢν</strong></span> <span class='ocrx_word' id='word_1_155' title='bbox 468 2150 572 2230; x_wconf 80' lang='grc' dir='ltr'><strong><em>οὐδείς</em></strong></span> <span class='ocrx_word' id='word_1_156' title='bbox 585 2147 648 2216; x_wconf 63' lang='grc' dir='ltr'><strong><em>ούτ)</em></strong></span> <span class='ocrx_word' id='word_1_157' title='bbox 661 2145 744 2217; x_wconf 81' lang='grc' dir='ltr'><strong><em>εἶδεν</em></strong></span> <span class='ocrx_word' id='word_1_158' title='bbox 758 2146 821 2216; x_wconf 70' lang='grc' dir='ltr'><strong>οὔτ’</strong></span> <span class='ocrx_word' id='word_1_159' title='bbox 836 2153 916 2218; x_wconf 83' lang='grc' dir='ltr'><strong><em>ἰδεῖν</em></strong></span> <span class='ocrx_word' id='word_1_160' title='bbox 932 2149 1123 2229; x_wconf 88' lang='grc' dir='ltr'><strong><em>δύναται,τά</em></strong></span> <span class='ocrx_word' id='word_1_161' title='bbox 1145 2151 1180 2214; x_wconf 81' lang='grc' dir='ltr'><strong>δὲ</strong></span> <span class='ocrx_word' id='word_1_162' title='bbox 1193 2155 1261 2232; x_wconf 71' lang='grc' dir='ltr'><strong><em>μετ’</em></strong></span> <span class='ocrx_word' id='word_1_163' title='bbox 1274 2145 1357 2230; x_wconf 69' lang='grc' dir='ltr'><strong><em>αὐτὴν</em></strong></span> 
     </span>
     <span class='ocr_line' id='line_1_20' title="bbox 272 2245 1359 2339; baseline -0.006 -22"><span class='ocrx_word' id='word_1_164' title='bbox 272 2253 375 2317; x_wconf 81' lang='grc' dir='ltr'><strong><em>πείντα</em></strong></span> <span class='ocrx_word' id='word_1_165' title='bbox 392 2252 511 2330; x_wconf 83' lang='grc' dir='ltr'><strong><em>κτιστύ,</em></strong></span> <span class='ocrx_word' id='word_1_166' title='bbox 529 2254 586 2318; x_wconf 81' lang='grc' dir='ltr'><strong>καί</strong></span> <span class='ocrx_word' id='word_1_167' title='bbox 605 2250 655 2318; x_wconf 81' lang='grc' dir='ltr'><strong>δτι</strong></span> <span class='ocrx_word' id='word_1_168' title='bbox 674 2249 772 2339; x_wconf 78' lang='grc' dir='ltr'><strong><em>δρατῆ</em></strong></span> <span class='ocrx_word' id='word_1_169' title='bbox 784 2253 843 2335; x_wconf 75' lang='grc' dir='ltr'><strong>μὲν</strong></span> <span class='ocrx_word' id='word_1_170' title='bbox 857 2252 1034 2339; x_wconf 82' lang='grc' dir='ltr'><strong><em>θεοφύνεια</em></strong></span> <span class='ocrx_word' id='word_1_171' title='bbox 1048 2249 1172 2335; x_wconf 77' lang='grc' dir='ltr'><strong><em>λέγεται</em></strong></span> <span class='ocrx_word' id='word_1_172' title='bbox 1187 2255 1256 2327; x_wconf 88' lang='grc' dir='ltr'><strong><em>τοῖς</em></strong></span> <span class='ocrx_word' id='word_1_173' title='bbox 1269 2245 1359 2333; x_wconf 77' lang='grc' dir='ltr'><strong><em>ἀμίαις</em></strong></span> 
     </span>
     <span class='ocr_line' id='line_1_21' title="bbox 149 2342 1390 2440; baseline -0.007 -22"><span class='ocrx_word' id='word_1_174' title='bbox 149 2351 291 2437; x_wconf 46' lang='lat' dir='ltr'><strong>mogi}</strong></span> <span class='ocrx_word' id='word_1_175' title='bbox 315 2377 349 2417; x_wconf 86' lang='grc' dir='ltr'><strong>τε</strong></span> <span class='ocrx_word' id='word_1_176' title='bbox 370 2352 451 2438; x_wconf 86' lang='grc' dir='ltr'><strong>σάρξ</strong></span> <span class='ocrx_word' id='word_1_177' title='bbox 473 2355 530 2418; x_wconf 79' lang='grc' dir='ltr'><strong>τοῶ</strong></span> <span class='ocrx_word' id='word_1_178' title='bbox 548 2355 662 2440; x_wconf 85' lang='grc' dir='ltr'><strong><em>κυρίου</em></strong></span> <span class='ocrx_word' id='word_1_179' title='bbox 682 2353 737 2417; x_wconf 82' lang='grc' dir='ltr'><strong>καί</strong></span> <span class='ocrx_word' id='word_1_180' title='bbox 756 2350 791 2417; x_wconf 87' lang='grc' dir='ltr'><strong>τύ</strong></span> <span class='ocrx_word' id='word_1_181' title='bbox 813 2355 846 2417; x_wconf 88' lang='grc' dir='ltr'><strong>ἐν</strong></span> <span class='ocrx_word' id='word_1_182' title='bbox 866 2355 913 2439; x_wconf 72' lang='grc' dir='ltr'><strong>τῷ</strong></span> <span class='ocrx_word' id='word_1_183' title='bbox 928 2353 1088 2438; x_wconf 80' lang='grc' dir='ltr'><strong><em>Θαβωρίῳ</em></strong></span> <span class='ocrx_word' id='word_1_184' title='bbox 1111 2351 1214 2415; x_wconf 86' lang='grc' dir='ltr'><strong><em>πύλαι</em></strong></span> <span class='ocrx_word' id='word_1_185' title='bbox 1235 2352 1280 2438; x_wconf 73' lang='grc' dir='ltr'><strong>τῷ</strong></span> <span class='ocrx_word' id='word_1_186' title='bbox 1299 2342 1390 2430; x_wconf 69' lang='grc' dir='ltr'><strong><em>ὄρειοι]</em></strong></span> 
     </span>
     <span class='ocr_line' id='line_1_22' title="bbox 268 2447 1452 2540; baseline -0.006 -23"><span class='ocrx_word' id='word_1_187' title='bbox 268 2453 478 2539; x_wconf 70' lang='grc' dir='ltr'><strong><em>περιλάμιμαν</em></strong></span> <span class='ocrx_word' id='word_1_188' title='bbox 492 2451 527 2517; x_wconf 85' lang='grc' dir='ltr'><strong>τδ</strong></span> <span class='ocrx_word' id='word_1_189' title='bbox 540 2455 595 2518; x_wconf 85' lang='grc' dir='ltr'><strong>τού</strong></span> <span class='ocrx_word' id='word_1_190' title='bbox 613 2453 727 2538; x_wconf 81' lang='grc' dir='ltr'><strong><em>κυρίου</em></strong></span> <span class='ocrx_word' id='word_1_191' title='bbox 741 2453 913 2539; x_wconf 85' lang='grc' dir='ltr'><strong><em>πρόσωπον</em></strong></span> <span class='ocrx_word' id='word_1_192' title='bbox 926 2455 1004 2540; x_wconf 80' lang='grc' dir='ltr'><strong><em>φῶς,</em></strong></span> <span class='ocrx_word' id='word_1_193' title='bbox 1016 2451 1052 2515; x_wconf 86' lang='grc' dir='ltr'><strong>ού</strong></span> <span class='ocrx_word' id='word_1_194' title='bbox 1063 2451 1127 2536; x_wconf 76' lang='grc' dir='ltr'><strong>μὴν</strong></span> <span class='ocrx_word' id='word_1_195' title='bbox 1140 2447 1281 2516; x_wconf 85' lang='grc' dir='ltr'><strong><em>ἀκτιστοι</em></strong></span> <span class='ocrx_word' id='word_1_196' title='bbox 1291 2448 1355 2512; x_wconf 80' lang='grc' dir='ltr'><strong><em>θεύ-</em></strong></span> <span class='ocrx_word' id='word_1_197' title='bbox 1451 2489 1452 2505; x_wconf 52' lang='lat' dir='ltr'><strong>r</strong></span> 
     </span>
     <span class='ocr_line' id='line_1_23' title="bbox 267 2541 1351 2639; baseline -0.007 -23"><span class='ocrx_word' id='word_1_198' title='bbox 267 2567 364 2636; x_wconf 85' lang='grc' dir='ltr'><strong><em>τητες,</em></strong></span> <span class='ocrx_word' id='word_1_199' title='bbox 383 2553 439 2617; x_wconf 84' lang='grc' dir='ltr'><strong>καί</strong></span> <span class='ocrx_word' id='word_1_200' title='bbox 464 2550 512 2618; x_wconf 81' lang='grc' dir='ltr'><strong>ὅτι</strong></span> <span class='ocrx_word' id='word_1_201' title='bbox 534 2555 574 2617; x_wconf 90' lang='grc' dir='ltr'><strong>δι’</strong></span> <span class='ocrx_word' id='word_1_202' title='bbox 598 2551 701 2617; x_wconf 80' lang='grc' dir='ltr'><strong><em>αὐτῶν</em></strong></span> <span class='ocrx_word' id='word_1_203' title='bbox 721 2554 922 2639; x_wconf 86' lang='grc' dir='ltr'><strong><em>παρεδείχθη</em></strong></span> <span class='ocrx_word' id='word_1_204' title='bbox 944 2553 1004 2635; x_wconf 82' lang='grc' dir='ltr'><strong>μὲν</strong></span> <span class='ocrx_word' id='word_1_205' title='bbox 1027 2550 1083 2615; x_wconf 86' lang='grc' dir='ltr'><strong>οάιι</strong></span> <span class='ocrx_word' id='word_1_206' title='bbox 1107 2551 1243 2636; x_wconf 81' lang='grc' dir='ltr'><strong><em>ἐδείχθη</em></strong></span> <span class='ocrx_word' id='word_1_207' title='bbox 1264 2553 1289 2614; x_wconf 85' lang='grc' dir='ltr'><strong>δ’</strong></span> <span class='ocrx_word' id='word_1_208' title='bbox 1305 2541 1351 2610; x_wconf 86' lang='grc' dir='ltr'><strong>ούν</strong></span> 
     </span>
    </p>
   </div>
   <div class='ocr_carea' id='block_1_3' title="bbox 267 2895 1365 3675">
    <p class='ocr_par' dir='ltr' id='par_1_3' title="bbox 267 2895 1365 3675">
     <span class='ocr_line' id='line_1_24' title="bbox 269 2895 1357 2967; baseline -0.002 -17"><span class='ocrx_word' id='word_1_209' title='bbox 269 2895 401 2967; x_wconf 76' lang='lat' dir='ltr'>puerilem</span> <span class='ocrx_word' id='word_1_210' title='bbox 426 2897 559 2950; x_wconf 84' lang='lat' dir='ltr'><strong>inscitiam</strong></span> <span class='ocrx_word' id='word_1_211' title='bbox 586 2904 617 2950; x_wconf 86' lang='lat' dir='ltr'><strong>ut</strong></span> <span class='ocrx_word' id='word_1_212' title='bbox 640 2895 872 2960; x_wconf 71' lang='lat' dir='ltr'><strong>insubstantialem</strong></span> <span class='ocrx_word' id='word_1_213' title='bbox 899 2896 1035 2950; x_wconf 85' lang='lat' dir='ltr'><strong>risibilem</strong></span> <span class='ocrx_word' id='word_1_214' title='bbox 1060 2895 1206 2949; x_wconf 86' lang='lat' dir='ltr'><strong>nominarit</strong></span> <span class='ocrx_word' id='word_1_215' title='bbox 1227 2897 1357 2966; x_wconf 22' lang='lat' dir='ltr'><strong>‘deitatem</strong></span> 
     </span>
     <span class='ocr_line' id='line_1_25' title="bbox 267 2967 1359 3038; baseline -0.004 -16"><span class='ocrx_word' id='word_1_216' title='bbox 267 2983 357 3038; x_wconf 80' lang='lat' dir='ltr'><strong>neque</strong></span> <span class='ocrx_word' id='word_1_217' title='bbox 389 2969 460 3022; x_wconf 89' lang='lat' dir='ltr'><strong>euim</strong></span> <span class='ocrx_word' id='word_1_218' title='bbox 488 2985 549 3022; x_wconf 84' lang='lat' dir='ltr'><strong>esse</strong></span> <span class='ocrx_word' id='word_1_219' title='bbox 574 2969 607 3020; x_wconf 73' lang='lat' dir='ltr'><strong>aul</strong></span> <span class='ocrx_word' id='word_1_220' title='bbox 631 2968 799 3036; x_wconf 72' lang='lat' dir='ltr'><strong>disciplinam</strong></span> <span class='ocrx_word' id='word_1_221' title='bbox 822 2983 874 3020; x_wconf 89' lang='lat' dir='ltr'><strong>uec</strong></span> <span class='ocrx_word' id='word_1_222' title='bbox 898 2968 1014 3021; x_wconf 83' lang='lat' dir='ltr'><strong>divinam</strong></span> <span class='ocrx_word' id='word_1_223' title='bbox 1041 2983 1130 3036; x_wconf 83' lang='lat' dir='ltr'><strong>neque</strong></span> <span class='ocrx_word' id='word_1_224' title='bbox 1155 2967 1294 3021; x_wconf 84' lang='lat' dir='ltr'><strong>humanam</strong></span> <span class='ocrx_word' id='word_1_225' title='bbox 1313 2982 1359 3020; x_wconf 88' lang='lat' dir='ltr'><strong>nec</strong></span> 
     </span>
     <span class='ocr_line' id='line_1_26' title="bbox 268 3038 1360 3108; baseline -0.003 -16"><span class='ocrx_word' id='word_1_226' title='bbox 268 3055 374 3092; x_wconf 88' lang='lat' dir='ltr'><strong>cansam</strong></span> <span class='ocrx_word' id='word_1_227' title='bbox 394 3055 455 3093; x_wconf 85' lang='lat' dir='ltr'><strong>esse</strong></span> <span class='ocrx_word' id='word_1_228' title='bbox 472 3038 555 3092; x_wconf 89' lang='lat' dir='ltr'><strong>ullam</strong></span> <span class='ocrx_word' id='word_1_229' title='bbox 574 3056 622 3092; x_wconf 89' lang='lat' dir='ltr'><strong>cur</strong></span> <span class='ocrx_word' id='word_1_230' title='bbox 641 3039 743 3108; x_wconf 82' lang='lat' dir='ltr'><strong>aliquid</strong></span> <span class='ocrx_word' id='word_1_231' title='bbox 762 3040 848 3092; x_wconf 84' lang='lat' dir='ltr'><strong>exiis</strong></span> <span class='ocrx_word' id='word_1_232' title='bbox 867 3055 936 3108; x_wconf 89' lang='lat' dir='ltr'><strong>quae</strong></span> <span class='ocrx_word' id='word_1_233' title='bbox 954 3047 1016 3093; x_wconf 88' lang='lat' dir='ltr'><strong>sunt</strong></span> <span class='ocrx_word' id='word_1_234' title='bbox 1033 3039 1238 3092; x_wconf 81' lang='lat' dir='ltr'><strong>insubstantiale</strong></span> <span class='ocrx_word' id='word_1_235' title='bbox 1259 3038 1360 3092; x_wconf 84' lang='lat' dir='ltr'><strong>visibile</strong></span> 
     </span>
     <span class='ocr_line' id='line_1_27' title="bbox 267 3110 1360 3179; baseline -0.003 -16"><span class='ocrx_word' id='word_1_236' title='bbox 267 3112 426 3163; x_wconf 89' lang='lat' dir='ltr'><strong>nominaret.</strong></span> <span class='ocrx_word' id='word_1_237' title='bbox 449 3119 475 3163; x_wconf 86' lang='lat' dir='ltr'><strong>ct</strong></span> <span class='ocrx_word' id='word_1_238' title='bbox 495 3112 615 3179; x_wconf 83' lang='lat' dir='ltr'><strong>quamvis</strong></span> <span class='ocrx_word' id='word_1_239' title='bbox 628 3110 678 3163; x_wconf 90' lang='lat' dir='ltr'><strong>ille</strong></span> <span class='ocrx_word' id='word_1_240' title='bbox 697 3119 815 3164; x_wconf 90' lang='lat' dir='ltr'><strong>creatum</strong></span> <span class='ocrx_word' id='word_1_241' title='bbox 833 3110 935 3162; x_wconf 87' lang='lat' dir='ltr'><strong>diceret</strong></span> <span class='ocrx_word' id='word_1_242' title='bbox 953 3111 1040 3175; x_wconf 79' lang='lat' dir='ltr'><strong>deum,</strong></span> <span class='ocrx_word' id='word_1_243' title='bbox 1059 3118 1147 3162; x_wconf 89' lang='lat' dir='ltr'><strong>tamen</strong></span> <span class='ocrx_word' id='word_1_244' title='bbox 1159 3110 1295 3162; x_wconf 80' lang='lat' dir='ltr'><strong>visibilem</strong></span> <span class='ocrx_word' id='word_1_245' title='bbox 1312 3125 1360 3162; x_wconf 91' lang='lat' dir='ltr'><strong>non</strong></span> 
     </span>
     <span class='ocr_line' id='line_1_28' title="bbox 267 3180 1361 3250; baseline -0.001 -17"><span class='ocrx_word' id='word_1_246' title='bbox 267 3190 374 3250; x_wconf 78' lang='lat' dir='ltr'><strong>poterat</strong></span> <span class='ocrx_word' id='word_1_247' title='bbox 392 3181 499 3234; x_wconf 86' lang='lat' dir='ltr'><strong>addere.</strong></span> <span class='ocrx_word' id='word_1_248' title='bbox 519 3183 685 3249; x_wconf 86' lang='lat' dir='ltr'><strong>superiorem</strong></span> <span class='ocrx_word' id='word_1_249' title='bbox 706 3183 776 3233; x_wconf 90' lang='lat' dir='ltr'><strong>enim</strong></span> <span class='ocrx_word' id='word_1_250' title='bbox 795 3180 926 3250; x_wconf 77' lang='lat' dir='ltr'><strong>angelicis</strong></span> <span class='ocrx_word' id='word_1_251' title='bbox 945 3181 1069 3235; x_wconf 84' lang='lat' dir='ltr'><strong>essentiis</strong></span> <span class='ocrx_word' id='word_1_252' title='bbox 1094 3197 1173 3249; x_wconf 88' lang='lat' dir='ltr'><strong>quum</strong></span> <span class='ocrx_word' id='word_1_253' title='bbox 1193 3181 1361 3244; x_wconf 76' lang='lat' dir='ltr'><strong>declarasset,</strong></span> 
     </span>
     <span class='ocr_line' id='line_1_29' title="bbox 267 3251 1361 3321; baseline -0.003 -17"><span class='ocrx_word' id='word_1_254' title='bbox 267 3251 343 3304; x_wconf 85' lang='lat' dir='ltr'><strong>nullo</strong></span> <span class='ocrx_word' id='word_1_255' title='bbox 361 3261 436 3304; x_wconf 86' lang='lat' dir='ltr'><strong>certe</strong></span> <span class='ocrx_word' id='word_1_256' title='bbox 454 3253 551 3317; x_wconf 85' lang='lat' dir='ltr'><strong>modo,</strong></span> <span class='ocrx_word' id='word_1_257' title='bbox 569 3268 649 3321; x_wconf 88' lang='lat' dir='ltr'><strong>qnam</strong></span> <span class='ocrx_word' id='word_1_258' title='bbox 674 3251 739 3304; x_wconf 91' lang='lat' dir='ltr'><strong>illae</strong></span> <span class='ocrx_word' id='word_1_259' title='bbox 766 3252 919 3304; x_wconf 83' lang='lat' dir='ltr'><strong>invisibiles</strong></span> <span class='ocrx_word' id='word_1_260' title='bbox 949 3254 1003 3304; x_wconf 91' lang='lat' dir='ltr'><strong>sint</strong></span> <span class='ocrx_word' id='word_1_261' title='bbox 1024 3267 1083 3303; x_wconf 90' lang='lat' dir='ltr'><strong>eum</strong></span> <span class='ocrx_word' id='word_1_262' title='bbox 1102 3251 1238 3303; x_wconf 86' lang='lat' dir='ltr'><strong>visibilem</strong></span> <span class='ocrx_word' id='word_1_263' title='bbox 1258 3253 1361 3304; x_wconf 78' lang='lat' dir='ltr'><strong>(locere.</strong></span> 
     </span>
     <span class='ocr_line' id='line_1_30' title="bbox 267 3322 1364 3392; baseline -0.003 -16"><span class='ocrx_word' id='word_1_264' title='bbox 267 3323 386 3376; x_wconf 82' lang='lat' dir='ltr'><strong>Palamas</strong></span> <span class='ocrx_word' id='word_1_265' title='bbox 415 3330 613 3391; x_wconf 74' lang='lat' dir='ltr'><strong>argumentatus</strong></span> <span class='ocrx_word' id='word_1_266' title='bbox 643 3331 684 3374; x_wconf 90' lang='lat' dir='ltr'><strong>est</strong></span> <span class='ocrx_word' id='word_1_267' title='bbox 705 3322 739 3374; x_wconf 87' lang='grc' dir='ltr'><strong>δα</strong></span> <span class='ocrx_word' id='word_1_268' title='bbox 769 3324 803 3375; x_wconf 92' lang='lat' dir='ltr'><strong>iis</strong></span> <span class='ocrx_word' id='word_1_269' title='bbox 825 3338 894 3391; x_wconf 87' lang='lat' dir='ltr'><strong>quae</strong></span> <span class='ocrx_word' id='word_1_270' title='bbox 919 3323 952 3375; x_wconf 92' lang='lat' dir='ltr'><strong>ab</strong></span> <span class='ocrx_word' id='word_1_271' title='bbox 979 3323 1143 3392; x_wconf 75' lang='lat' dir='ltr'><strong>argumentis</strong></span> <span class='ocrx_word' id='word_1_272' title='bbox 1169 3322 1316 3375; x_wconf 89' lang='lat' dir='ltr'><strong>abhorrent</strong></span> <span class='ocrx_word' id='word_1_273' title='bbox 1340 3329 1364 3374; x_wconf 92' lang='lat' dir='ltr'><strong>ct</strong></span> 
     </span>
     <span class='ocr_line' id='line_1_31' title="bbox 268 3391 1365 3462; baseline 0.002 -18"><span class='ocrx_word' id='word_1_274' title='bbox 268 3394 401 3446; x_wconf 80' lang='lat' dir='ltr'><strong>eructavit</strong></span> <span class='ocrx_word' id='word_1_275' title='bbox 419 3391 532 3446; x_wconf 88' lang='lat' dir='ltr'><strong>obseura</strong></span> <span class='ocrx_word' id='word_1_276' title='bbox 554 3401 581 3445; x_wconf 92' lang='lat' dir='ltr'><strong>et</strong></span> <span class='ocrx_word' id='word_1_277' title='bbox 601 3394 709 3460; x_wconf 76' lang='lat' dir='ltr'><strong>inepta,</strong></span> <span class='ocrx_word' id='word_1_278' title='bbox 727 3408 782 3446; x_wconf 89' lang='lat' dir='ltr'><strong>non</strong></span> <span class='ocrx_word' id='word_1_279' title='bbox 799 3394 832 3456; x_wconf 80' lang='grc' dir='ltr'><strong>αδ</strong></span> <span class='ocrx_word' id='word_1_280' title='bbox 852 3395 985 3461; x_wconf 83' lang='lat' dir='ltr'><strong>poeticam</strong></span> <span class='ocrx_word' id='word_1_281' title='bbox 1005 3393 1133 3462; x_wconf 86' lang='lat' dir='ltr'><strong>quandam</strong></span> <span class='ocrx_word' id='word_1_282' title='bbox 1152 3394 1301 3458; x_wconf 86' lang='lat' dir='ltr'><strong>licentiam,</strong></span> <span class='ocrx_word' id='word_1_283' title='bbox 1320 3394 1365 3446; x_wconf 84' lang='lat' dir='ltr'><strong>scd</strong></span> 
     </span>
     <span class='ocr_line' id='line_1_32' title="bbox 267 3462 1364 3531; baseline 0.002 -16"><span class='ocrx_word' id='word_1_284' title='bbox 267 3465 300 3516; x_wconf 76' lang='lat' dir='ltr'><strong>acl</strong></span> <span class='ocrx_word' id='word_1_285' title='bbox 318 3464 465 3530; x_wconf 84' lang='lat' dir='ltr'><strong>imperitum</strong></span> <span class='ocrx_word' id='word_1_286' title='bbox 484 3462 606 3516; x_wconf 85' lang='lat' dir='ltr'><strong>Palamae</strong></span> <span class='ocrx_word' id='word_1_287' title='bbox 625 3465 809 3520; x_wconf 83' lang='lat' dir='ltr'><strong>temeritatem.</strong></span> <span class='ocrx_word' id='word_1_288' title='bbox 828 3465 928 3517; x_wconf 89' lang='lat' dir='ltr'><strong>nemini</strong></span> <span class='ocrx_word' id='word_1_289' title='bbox 949 3465 1018 3516; x_wconf 88' lang='lat' dir='ltr'><strong>eninr</strong></span> <span class='ocrx_word' id='word_1_290' title='bbox 1039 3464 1209 3531; x_wconf 83' lang='lat' dir='ltr'><strong>profanorum</strong></span> <span class='ocrx_word' id='word_1_291' title='bbox 1228 3465 1364 3517; x_wconf 88' lang='lat' dir='ltr'><strong>doctorum</strong></span> 
     </span>
     <span class='ocr_line' id='line_1_33' title="bbox 267 3534 1364 3604; baseline 0.003 -18"><span class='ocrx_word' id='word_1_292' title='bbox 267 3549 383 3602; x_wconf 84' lang='lat' dir='ltr'><strong>unquam</strong></span> <span class='ocrx_word' id='word_1_293' title='bbox 410 3534 438 3586; x_wconf 90' lang='lat' dir='ltr'><strong>in</strong></span> <span class='ocrx_word' id='word_1_294' title='bbox 466 3542 582 3586; x_wconf 89' lang='lat' dir='ltr'><strong>mentem</strong></span> <span class='ocrx_word' id='word_1_295' title='bbox 611 3537 686 3587; x_wconf 83' lang='lat' dir='ltr'><strong>venit</strong></span> <span class='ocrx_word' id='word_1_296' title='bbox 715 3535 776 3589; x_wconf 87' lang='lat' dir='ltr'><strong>tulis</strong></span> <span class='ocrx_word' id='word_1_297' title='bbox 808 3536 952 3588; x_wconf 86' lang='lat' dir='ltr'><strong>ostentatio</strong></span> <span class='ocrx_word' id='word_1_298' title='bbox 983 3551 1072 3604; x_wconf 88' lang='lat' dir='ltr'><strong>neque</strong></span> <span class='ocrx_word' id='word_1_299' title='bbox 1099 3536 1168 3602; x_wconf 88' lang='lat' dir='ltr'><strong>apud</strong></span> <span class='ocrx_word' id='word_1_300' title='bbox 1193 3536 1364 3588; x_wconf 85' lang='lat' dir='ltr'><strong>barbarorum</strong></span> 
     </span>
     <span class='ocr_line' id='line_1_34' title="bbox 269 3604 1265 3675; baseline 0.003 -20"><span class='ocrx_word' id='word_1_301' title='bbox 269 3619 424 3673; x_wconf 83' lang='lat' dir='ltr'><strong>quamquam</strong></span> <span class='ocrx_word' id='word_1_302' title='bbox 446 3604 508 3658; x_wconf 85' lang='lat' dir='ltr'><strong>talis</strong></span> <span class='ocrx_word' id='word_1_303' title='bbox 529 3607 731 3674; x_wconf 86' lang='lat' dir='ltr'><strong>argumentandi</strong></span> <span class='ocrx_word' id='word_1_304' title='bbox 749 3607 860 3659; x_wconf 81' lang='lat' dir='ltr'><strong>inventa</strong></span> <span class='ocrx_word' id='word_1_305' title='bbox 879 3614 920 3658; x_wconf 86' lang='lat' dir='ltr'><strong>est</strong></span> <span class='ocrx_word' id='word_1_306' title='bbox 938 3622 1023 3675; x_wconf 88' lang='lat' dir='ltr'><strong>usque</strong></span> <span class='ocrx_word' id='word_1_307' title='bbox 1041 3607 1074 3657; x_wconf 84' lang='lat' dir='ltr'><strong>erl</strong></span> <span class='ocrx_word' id='word_1_308' title='bbox 1095 3606 1166 3658; x_wconf 89' lang='lat' dir='ltr'><strong>bunc</strong></span> <span class='ocrx_word' id='word_1_309' title='bbox 1184 3608 1265 3658; x_wconf 80' lang='lat' dir='ltr'><strong>aliem.</strong></span> 
     </span>
    </p>
   </div>
   <div class='ocr_carea' id='block_1_4' title="bbox 166 3691 1363 4254">
    <p class='ocr_par' dir='ltr' id='par_1_4' title="bbox 365 3691 1363 3761">
     <span class='ocr_line' id='line_1_35' title="bbox 365 3691 1363 3761; baseline -0.001 -19"><span class='ocrx_word' id='word_1_310' title='bbox 365 3691 459 3743; x_wconf 86' lang='lat' dir='ltr'><strong>llostut</strong></span> <span class='ocrx_word' id='word_1_311' title='bbox 476 3691 578 3760; x_wconf 86' lang='lat' dir='ltr'><strong>igitur,</strong></span> <span class='ocrx_word' id='word_1_312' title='bbox 598 3700 627 3744; x_wconf 92' lang='lat' dir='ltr'><strong>ut</strong></span> <span class='ocrx_word' id='word_1_313' title='bbox 644 3707 694 3744; x_wconf 85' lang='lat' dir='ltr'><strong>uos</strong></span> <span class='ocrx_word' id='word_1_314' title='bbox 714 3693 759 3761; x_wconf 89' lang='lat' dir='ltr'><strong>qui</strong></span> <span class='ocrx_word' id='word_1_315' title='bbox 782 3692 834 3744; x_wconf 91' lang='lat' dir='ltr'><strong>buc</strong></span> <span class='ocrx_word' id='word_1_316' title='bbox 859 3693 1029 3759; x_wconf 80' lang='lat' dir='ltr'><strong>pervenimus</strong></span> <span class='ocrx_word' id='word_1_317' title='bbox 1048 3691 1159 3745; x_wconf 85' lang='lat' dir='ltr'><strong>silentio</strong></span> <span class='ocrx_word' id='word_1_318' title='bbox 1177 3692 1243 3744; x_wconf 87' lang='lat' dir='ltr'><strong>talia</strong></span> <span class='ocrx_word' id='word_1_319' title='bbox 1261 3693 1363 3746; x_wconf 74' lang='lat' dir='ltr'><strong>abom-</strong></span> 
     </span>
    </p>

    <p class='ocr_par' dir='ltr' id='par_1_5' title="bbox 166 3763 1363 4042">
     <span class='ocr_line' id='line_1_36' title="bbox 166 3763 1363 3830; baseline 0.001 -17"><span class='ocrx_word' id='word_1_320' title='bbox 166 3765 172 3786; x_wconf 73' lang='grc'><strong>“</strong></span> <span class='ocrx_word' id='word_1_321' title='bbox 266 3777 360 3813; x_wconf 90' lang='lat' dir='ltr'><strong>uernur</strong></span> <span class='ocrx_word' id='word_1_322' title='bbox 378 3768 405 3812; x_wconf 88' lang='lat' dir='ltr'><strong>et</strong></span> <span class='ocrx_word' id='word_1_323' title='bbox 422 3764 571 3814; x_wconf 90' lang='lat' dir='ltr'><strong>orationem</strong></span> <span class='ocrx_word' id='word_1_324' title='bbox 589 3771 754 3815; x_wconf 86' lang='lat' dir='ltr'><strong>transeamus</strong></span> <span class='ocrx_word' id='word_1_325' title='bbox 773 3764 892 3814; x_wconf 87' lang='lat' dir='ltr'><strong>insanam</strong></span> <span class='ocrx_word' id='word_1_326' title='bbox 914 3771 941 3816; x_wconf 87' lang='lat' dir='ltr'><strong>et</strong></span> <span class='ocrx_word' id='word_1_327' title='bbox 961 3764 1105 3830; x_wconf 80' lang='lat' dir='ltr'><strong>impietatis</strong></span> <span class='ocrx_word' id='word_1_328' title='bbox 1124 3763 1238 3830; x_wconf 84' lang='lat' dir='ltr'><strong>plenam.</strong></span> <span class='ocrx_word' id='word_1_329' title='bbox 1279 3764 1363 3816; x_wconf 86' lang='lat' dir='ltr'><strong>lucem</strong></span> 
     </span>
     <span class='ocr_line' id='line_1_37' title="bbox 265 3831 1363 3902; baseline 0.002 -18"><span class='ocrx_word' id='word_1_330' title='bbox 265 3833 351 3900; x_wconf 83' lang='lat' dir='ltr'><strong>igitur</strong></span> <span class='ocrx_word' id='word_1_331' title='bbox 368 3847 446 3884; x_wconf 88' lang='lat' dir='ltr'><strong>unam</strong></span> <span class='ocrx_word' id='word_1_332' title='bbox 465 3831 539 3885; x_wconf 88' lang='lat' dir='ltr'><strong>illam</strong></span> <span class='ocrx_word' id='word_1_333' title='bbox 564 3834 709 3902; x_wconf 85' lang='lat' dir='ltr'><strong>increatam</strong></span> <span class='ocrx_word' id='word_1_334' title='bbox 736 3849 796 3886; x_wconf 87' lang='lat' dir='ltr'><strong>esse</strong></span> <span class='ocrx_word' id='word_1_335' title='bbox 821 3834 926 3886; x_wconf 86' lang='lat' dir='ltr'><strong>beatam</strong></span> <span class='ocrx_word' id='word_1_336' title='bbox 951 3842 978 3887; x_wconf 90' lang='lat' dir='ltr'><strong>et</strong></span> <span class='ocrx_word' id='word_1_337' title='bbox 997 3841 1145 3886; x_wconf 86' lang='lat' dir='ltr'><strong>ceterarum</strong></span> <span class='ocrx_word' id='word_1_338' title='bbox 1164 3835 1281 3886; x_wconf 87' lang='lat' dir='ltr'><strong>omnium</strong></span> <span class='ocrx_word' id='word_1_339' title='bbox 1300 3849 1363 3902; x_wconf 84' lang='lat' dir='ltr'><strong>prc-</strong></span> 
     </span>
     <span class='ocr_line' id='line_1_38' title="bbox 267 3903 1362 3973; baseline 0 -19"><span class='ocrx_word' id='word_1_340' title='bbox 267 3903 424 3954; x_wconf 87' lang='lat' dir='ltr'><strong>creatricem</strong></span> <span class='ocrx_word' id='word_1_341' title='bbox 444 3904 569 3956; x_wconf 87' lang='lat' dir='ltr'><strong>deitatem</strong></span> <span class='ocrx_word' id='word_1_342' title='bbox 587 3905 671 3957; x_wconf 88' lang='lat' dir='ltr'><strong>tribus</strong></span> <span class='ocrx_word' id='word_1_343' title='bbox 701 3905 825 3972; x_wconf 85' lang='lat' dir='ltr'><strong>personis</strong></span> <span class='ocrx_word' id='word_1_344' title='bbox 847 3913 1010 3958; x_wconf 86' lang='lat' dir='ltr'><strong>constantem</strong></span> <span class='ocrx_word' id='word_1_345' title='bbox 1033 3919 1110 3973; x_wconf 88' lang='lat' dir='ltr'><strong>quam</strong></span> <span class='ocrx_word' id='word_1_346' title='bbox 1134 3919 1213 3956; x_wconf 89' lang='lat' dir='ltr'><strong>nemo</strong></span> <span class='ocrx_word' id='word_1_347' title='bbox 1232 3905 1302 3956; x_wconf 78' lang='lat' dir='ltr'><strong>vidis</strong></span> <span class='ocrx_word' id='word_1_348' title='bbox 1315 3919 1362 3957; x_wconf 87' lang='lat' dir='ltr'><strong>nec</strong></span> 
     </span>
     <span class='ocr_line' id='line_1_39' title="bbox 267 3974 1362 4042; baseline -0.002 -16"><span class='ocrx_word' id='word_1_349' title='bbox 267 3974 386 4042; x_wconf 85' lang='lat' dir='ltr'><strong>potuerit</strong></span> <span class='ocrx_word' id='word_1_350' title='bbox 403 3975 505 4026; x_wconf 80' lang='lat' dir='ltr'><strong>sidere.</strong></span> <span class='ocrx_word' id='word_1_351' title='bbox 544 3983 634 4027; x_wconf 87' lang='lat' dir='ltr'><strong>cetera</strong></span> <span class='ocrx_word' id='word_1_352' title='bbox 652 3983 740 4027; x_wconf 87' lang='lat' dir='ltr'><strong>autem</strong></span> <span class='ocrx_word' id='word_1_353' title='bbox 764 3983 871 4042; x_wconf 85' lang='lat' dir='ltr'><strong>praeter</strong></span> <span class='ocrx_word' id='word_1_354' title='bbox 898 3974 972 4028; x_wconf 87' lang='lat' dir='ltr'><strong>illam</strong></span> <span class='ocrx_word' id='word_1_355' title='bbox 992 3990 1051 4028; x_wconf 90' lang='lat' dir='ltr'><strong>esse</strong></span> <span class='ocrx_word' id='word_1_356' title='bbox 1076 3983 1165 4026; x_wconf 87' lang='lat' dir='ltr'><strong>creata</strong></span> <span class='ocrx_word' id='word_1_357' title='bbox 1184 3983 1211 4025; x_wconf 90' lang='lat' dir='ltr'><strong>et</strong></span> <span class='ocrx_word' id='word_1_358' title='bbox 1229 3975 1362 4027; x_wconf 81' lang='lat' dir='ltr'><strong>risibilem</strong></span> 
     </span>
    </p>

    <p class='ocr_par' dir='ltr' id='par_1_6' title="bbox 267 4044 1361 4114">
     <span class='ocr_line' id='line_1_40' title="bbox 267 4044 1361 4114; baseline 0 -19"><span class='ocrx_word' id='word_1_359' title='bbox 267 4058 329 4096; x_wconf 87' lang='lat' dir='ltr'><strong>esso</strong></span> <span class='ocrx_word' id='word_1_360' title='bbox 346 4045 588 4097; x_wconf 76' lang='lat' dir='ltr'><strong>manifestationem</strong></span> <span class='ocrx_word' id='word_1_361' title='bbox 607 4047 740 4098; x_wconf 85' lang='lat' dir='ltr'><strong>nominari</strong></span> <span class='ocrx_word' id='word_1_362' title='bbox 760 4062 775 4098; x_wconf 96' lang='lat' dir='ltr'><strong>a</strong></span> <span class='ocrx_word' id='word_1_363' title='bbox 794 4048 894 4098; x_wconf 84' lang='lat' dir='ltr'><strong>sanctis</strong></span> <span class='ocrx_word' id='word_1_364' title='bbox 911 4061 1033 4111; x_wconf 90' lang='lat' dir='ltr'><strong>caruem,</strong></span> <span class='ocrx_word' id='word_1_365' title='bbox 1052 4045 1194 4114; x_wconf 88' lang='lat' dir='ltr'><strong>lucemque</strong></span> <span class='ocrx_word' id='word_1_366' title='bbox 1215 4060 1284 4113; x_wconf 85' lang='lat' dir='ltr'><strong>qnae</strong></span> <span class='ocrx_word' id='word_1_367' title='bbox 1302 4044 1361 4096; x_wconf 88' lang='lat' dir='ltr'><strong>olim</strong></span> 
     </span>
    </p>

    <p class='ocr_par' dir='ltr' id='par_1_7' title="bbox 208 4115 1361 4254">
     <span class='ocr_line' id='line_1_41' title="bbox 208 4115 1361 4188; baseline -0.002 -22"><span class='ocrx_word' id='word_1_368' title='bbox 208 4181 210 4188; x_wconf 33' lang='grc' dir='ltr'>Ι</span> <span class='ocrx_word' id='word_1_369' title='bbox 263 4116 297 4166; x_wconf 91' lang='lat' dir='ltr'><strong>iu</strong></span> <span class='ocrx_word' id='word_1_370' title='bbox 316 4123 406 4168; x_wconf 87' lang='lat' dir='ltr'><strong>monte</strong></span> <span class='ocrx_word' id='word_1_371' title='bbox 425 4115 528 4169; x_wconf 84' lang='lat' dir='ltr'><strong>Thabor</strong></span> <span class='ocrx_word' id='word_1_372' title='bbox 547 4117 645 4168; x_wconf 85' lang='lat' dir='ltr'><strong>domini</strong></span> <span class='ocrx_word' id='word_1_373' title='bbox 665 4117 761 4170; x_wconf 78' lang='lat' dir='ltr'><strong>iaciens</strong></span> <span class='ocrx_word' id='word_1_374' title='bbox 786 4118 967 4182; x_wconf 80' lang='lat' dir='ltr'><strong>circumdedit,</strong></span> <span class='ocrx_word' id='word_1_375' title='bbox 987 4124 1061 4170; x_wconf 86' lang='lat' dir='ltr'><strong>certe</strong></span> <span class='ocrx_word' id='word_1_376' title='bbox 1079 4130 1134 4168; x_wconf 93' lang='lat' dir='ltr'><strong>uon</strong></span> <span class='ocrx_word' id='word_1_377' title='bbox 1152 4120 1285 4170; x_wconf 86' lang='lat' dir='ltr'><strong>increatas</strong></span> <span class='ocrx_word' id='word_1_378' title='bbox 1304 4115 1361 4166; x_wconf 83' lang='lat' dir='ltr'><strong>‹lei-</strong></span> 
     </span>
     <span class='ocr_line' id='line_1_42' title="bbox 267 4187 1358 4254; baseline 0.002 -17"><span class='ocrx_word' id='word_1_379' title='bbox 267 4192 354 4253; x_wconf 84' lang='lat' dir='ltr'><strong>tates,</strong></span> <span class='ocrx_word' id='word_1_380' title='bbox 385 4194 412 4239; x_wconf 88' lang='lat' dir='ltr'><strong>et</strong></span> <span class='ocrx_word' id='word_1_381' title='bbox 437 4187 579 4242; x_wconf 82' lang='lat' dir='ltr'><strong>indicatam</strong></span> <span class='ocrx_word' id='word_1_382' title='bbox 600 4188 635 4240; x_wconf 89' lang='lat' dir='ltr'><strong>iis</strong></span> <span class='ocrx_word' id='word_1_383' title='bbox 656 4202 734 4254; x_wconf 85' lang='lat' dir='ltr'><strong>esse,</strong></span> <span class='ocrx_word' id='word_1_384' title='bbox 752 4203 807 4241; x_wconf 83' lang='lat' dir='ltr'><strong>non</strong></span> <span class='ocrx_word' id='word_1_385' title='bbox 826 4189 1019 4244; x_wconf 80' lang='lat' dir='ltr'><strong>manifestatam</strong></span> <span class='ocrx_word' id='word_1_386' title='bbox 1037 4187 1142 4240; x_wconf 88' lang='lat' dir='ltr'><strong>unicam</strong></span> <span class='ocrx_word' id='word_1_387' title='bbox 1159 4187 1234 4244; x_wconf 89' lang='lat' dir='ltr'><strong>illam</strong></span> <span class='ocrx_word' id='word_1_388' title='bbox 1255 4189 1358 4240; x_wconf 87' lang='lat' dir='ltr'><strong>increa-</strong></span> 
     </span>
    </p>
   </div>
   <div class='ocr_carea' id='block_1_5' title="bbox 0 0 1468 4906">
    <p class='ocr_par' dir='ltr' id='par_1_8' title="bbox 0 0 1468 4906">
     <span class='ocr_line' id='line_1_43' title="bbox 0 0 1468 4906; baseline 0 3"><span class='ocrx_word' id='word_1_389' title='bbox 0 0 1468 4906; x_wconf 95' lang='lat' dir='ltr'><strong> </strong></span> 
     </span>
    </p>
   </div>
  </div>
 </body>
</html>
