2992 4918
268 319 317 394 38
575 323 798 412 umupuom
833 321 1064 397 esreontu
1482 343 1483 378 ι

1483 441 1484 524 l

267 493 323 553 θεν
353 487 514 552 ἐπανιόντι
545 511 602 571 μοι
630 491 727 574 μέχρι
757 490 813 554 κατ’
846 489 878 564 ἐς
902 486 1079 568 Βυζάντιον
1107 490 1162 573 τῆς
1200 491 1258 572 σής
1278 491 1369 554 ἕνεκα
1483 525 1484 562 1

267 594 351 664 θέας·
369 593 423 654 καί
445 589 589 673 ὁμιλίας,
622 590 664 667 og
686 587 831 676 ἔφθημεν
853 585 1029 674 εἰρηκότες,
1065 592 1106 656 δι’
1127 587 1231 672 ἔρωτα
1253 595 1371 676 σοφίας

266 692 428 772 μείζονος,
456 689 532 770 ἴσως
562 691 597 756 δέ
617 690 673 756 κατ’
705 684 801 776 άλλής
834 690 913 775 πρός
941 688 1065 766 τούτοις
1085 694 1196 776 χρείας
1217 695 1273 757 καί
1291 695 1370 765 θέας

269 787 372 858 ὁπόσα
392 791 448 878 τήν
470 795 658 872 Βυζαντίων
682 796 854 876 κεκτῆσθαι
875 788 966 856 πόλιν
991 793 1161 874 συμβαίνει
1183 796 1246 858 τάν
1266 783 1371 860 ἄλλων

269 895 422 978 ἐξαίρετα.
467 894 524 958 νῦν
546 895 574 957 δ’
599 897 632 958 ἐν
654 886 772 977 άκαρεῖ
788 895 940 958 τάναντιά
970 895 1107 958 νικῶντα
1128 889 1288 975 θεώμενος
1313 897 1394 958 πε-5
1484 963 1485 966 ¹

270 994 402 1080 ριαλχής
422 989 469 1080 ἤν,
493 994 546 1058 καί
568 992 703 1078 ἐδάκρυε
724 997 784 1075 μὲν
798 991 855 1078 τήν
877 995 1044 1075 εόσέβειαν
1068 996 1100 1070 ἐς
1123 990 1207 1058 οὕτω
1227 1017 1371 1080 περιφα-

270 1100 331 1171 νιός
360 1100 590 1160 συνελαθεῖσαν
619 1097 843 1178 ἐκριπισθέντα
874 1095 1019 1160 κίνδυνον
1055 1095 1183 1178 τρόποις
1213 1097 1267 1158 τοῦ
1292 1098 1372 1158 θεοῦ

269 1194 534 1280 συγχωρήσαντος
564 1191 780 1279 ἀπορρήτοις,
814 1193 950 1278 ἐδάκρυε
973 1193 1001 1258 δ’
1037 1185 1141 1272 άλλως
1164 1196 1218 1259 καί
1240 1191 1294 1258 τόν
1316 1192 1373 1258 σόν

270 1294 478 1382 άφοραόμενσς
500 1293 649 1378 θάνατον,
672 1294 705 1360 τό
729 1302 787 1360 τοῦ
809 1299 868 1361 σοῦ
895 1295 976 1359 κατά
998 1295 1074 1360 θεὸν
1098 1291 1193 1375 ζήλου
1215 1296 1373 1377 διάπυρον

271 1400 409 1475 ἐννοῶν,
434 1394 489 1461 καί
508 1391 583 1482 όσην
602 1395 657 1480 τήν
681 1395 826 1462 ἔνστασιν
855 1396 935 1481 όπέρ
959 1398 1021 1461 τῶν
1047 1400 1188 1480 πατρίων
1211 1397 1414 1462 ἐνδείκνυ-λθ

243 1537 246 1546 =
273 1502 353 1564 σθαι
375 1502 501 1580 μέλλεις
523 1501 687 1580 δογμάτων
708 1491 786 1583 άχρι
808 1497 961 1564 θανάτου.

377 1601 445 1661 Κατ’
467 1602 501 1662 τί
520 1601 572 1661 δεῖ
584 1596 686 1663 πάντα
710 1601 859 1677 διεξιέναι
891 1601 966 1663 καθ’
994 1599 1130 1679 ἕκαστα,
1156 1590 1214 1664 ῐόσα
1238 1602 1295 1682 τῆς
1314 1598 1375 1683 νή-

273 1725 332 1768 σου
357 1703 445 1764 δυοῖκ
467 1699 527 1784 οὐχ
552 1691 641 1786 ἧττον
662 1702 747 1766 ἐ’τιάν
768 1698 970 1784 τεθεάμεθα,
1002 1699 1112 1766 dadon
1135 1698 1251 1766 πόλεσί
1265 1724 1297 1764 τε
1321 1704 1377 1766 κατ’

273 1806 380 1885 λιμέσι
399 1799 453 1866 κατ’
478 1793 537 1865 όσα
560 1799 597 1886 δή
618 1811 689 1880 ταῖς
710 1797 823 1877 ἄλλοις
843 1799 994 1886 πρόσεστι
1008 1798 1132 1886 χσόριιις
1152 1800 1221 1868 ἐκεῖ
1237 1799 1277 1866 τά
1294 1799 1376 1886 χρή.

274 1929 364 1990 υιμα,
385 1905 447 1968 τάν
468 1895 649 1986 ἔμπροσθεν
669 1900 882 1971 άνθελκόντιον
901 1904 985 1988 ἡμᾶς
1005 1903 1043 1968 ου’
1063 1905 1187 1989 μικράν
1208 1902 1417 1986 ὑπαρχόν-15
1487 1963 1488 1966 ,

275 2030 349 2075 των.
394 2003 444 2069 διό
466 2007 586 2070 τούτων
608 2005 824 2090 ἀποσχόμενος
847 2005 1001 2070 ἐπανόδου
1024 2003 1237 2088 μεμνήσομαι.
1327 1991 1335 2003 ’

210 2128 265 2183 15
366 2100 462 2191 ’Ἁρτι
483 2110 589 2172 τοίνυν
612 2110 669 2172 τοῦ
690 2108 781 2192 ἡλίου
803 2111 878 2192 περί
901 2105 1021 2191 τροπάς
1047 2112 1215 2189 γενομένου
1237 2105 1296 2184 τάς
1317 2112 1378 2172 θε-

274 2210 376 2298 ρινάς,
400 2209 507 2296 ἐπειδή
530 2233 566 2294 χε
589 2210 750 2292 ζάπαίρειν
771 2206 923 2290 ἔμελλον,
949 2201 1027 2296 άχρι
1047 2211 1174 2289 λιμένος
1202 2208 1318 2285 ἐκεῖνός
1335 2231 1377 2289 με

274 2311 479 2396 προύπεμπεν
501 2310 517 2375 ό
539 2310 634 2390 καλός
655 2313 686 2374 Γ
684 2313 824 2398 ειόργισς,
850 2303 998 2396 δακρόσον
1021 2334 1054 2375 τε
1082 2313 1138 2375 καί
1156 2312 1256 2393 μέσην
1277 2312 1378 2376 εἰπεῖν

276 2409 463 2495 τεμνόμενος
485 2410 541 2495 τήν
562 2415 696 2496 καρδίαν
722 2413 815 2502 τιρμρῖ
835 2416 1008 2500 χειρισμῷ,
1034 2405 1117 2477 ιόσιε
1139 2412 1194 2474 καί
1215 2412 1271 2494 τῆς
1293 2405 1420 2493 ήμάςκο
1489 2473 1490 2500 ,

277 2510 414 2596 άχσόσης
437 2509 581 2594 ὁλκάδος,
604 2512 714 2598 ἐπειδή
736 2537 772 2596 χε
795 2515 968 2583 α’νειιέτασε
991 2511 1028 2582 τά
1051 2510 1156 2597 ἱστία,
1186 2505 1280 2595 σόρια
1301 2514 1379 2597 ἐφι-

180 2655 183 2666 «
277 2616 363 2698 είσης
390 2615 444 2678 ἐπί
462 2611 497 2679 τό
522 2616 687 2700 πέλαγος,
722 2611 884 2720 θεώμενος
906 2615 1026 2701 Ιἵστατο
1055 2616 1153 2699 μέχρι
1185 2616 1306 2678 πολλοῦ
1324 2634 1377 2696 με,

277 2886 381 2924 meeum
400 2884 430 2921 ss
449 2869 637 2938 navigaturum
656 2870 718 2923 inde
736 2869 852 2923 abeunte
871 2885 956 2939 usque
975 2869 1142 2938 Byzantium,
1164 2876 1193 2922 ut
1210 2876 1238 2920 ts
1253 2870 1379 2938 adspice.

279 2950 322 2996 ret
338 2951 437 3010 tuaque
457 2943 652 2994 consuetudine
671 2950 802 3007 uteretur,
824 2950 853 2993 ut
872 2956 952 3008 supra
970 2943 1022 2993 iam
1042 2942 1174 3005 diximus,
1198 2941 1307 2993 maioris
1332 2956 1378 2994 sa.

279 3015 399 3082 pientiae
419 3013 564 3080 cupiditate
582 3015 699 3076 duetus,
720 3013 833 3065 fortasse
856 3015 935 3064 etiam
959 3021 988 3064 ut
1005 3021 1146 3081 praeterea
1170 3011 1224 3064 alia
1249 3014 1379 3082 quaedam

277 3087 388 3154 negotia
410 3092 516 3135 curaret
537 3091 563 3134 et
582 3100 624 3135 res
644 3083 764 3135 illustres
783 3093 863 3151 atque
883 3085 1007 3153 egregias
1027 3084 1166 3149 inviseret,
1187 3101 1250 3152 quas
1258 3100 1379 3152 praece.

279 3159 344 3209 teris
362 3156 551 3220 Byzantiorum
571 3154 633 3205 urbs
657 3155 785 3220 possidet.
823 3163 877 3206 tum
895 3171 960 3206 vero
980 3155 1183 3222 brevitempore
1194 3171 1302 3224 prorsus
1311 3172 1379 3208 con.

280 3236 320 3279 tra
339 3242 383 3278 res
402 3227 533 3277 cecidisse
554 3227 658 3288 videns,
677 3241 773 3293 magno
794 3224 888 3277 dolore
908 3228 1041 3280 eruciatus
1059 3227 1237 3278 illacrimabat
1250 3226 1379 3297 religioni

280 3301 308 3350 in
327 3295 475 3363 periculum
496 3295 650 3362 compulsae
669 3297 811 3348 manilesto
830 3300 934 3351 arcanis
954 3299 996 3351 dei
1015 3300 1041 3351 id
1062 3299 1379 3351 admittentisrationibus

281 3368 432 3421 conflatum.
454 3368 631 3420 illacrimabat
650 3369 728 3442 etiam
747 3371 825 3421 morti
839 3377 910 3433 tuae,
931 3385 1009 3438 quam
1029 3371 1222 3437 suspicabatur,
1242 3385 1321 3439 quum
1330 3387 1379 3422 co.

281 3442 379 3509 gitaret
407 3455 484 3506 quam
503 3440 598 3491 ardens
619 3455 683 3508 erga
702 3440 779 3492 deum
800 3442 913 3494 studium
940 3457 1071 3510 quamque
1096 3457 1244 3510 pugnacem
1264 3449 1380 3494 conten.

223 3542 230 3560 .
281 3513 381 3564 tionem
401 3527 449 3577 pro
468 3512 562 3577 patriis
581 3512 711 3579 dogmatis
737 3529 821 3580 usque
843 3514 875 3564 ad
896 3522 1006 3565 mortem
1029 3513 1194 3565 exhibiturus
1215 3529 1299 3567 esses.

382 3597 433 3649 Sed
453 3599 516 3664 quid
534 3599 630 3650 attinet
646 3599 734 3652 omnia
752 3600 905 3668 singulatim
925 3601 1045 3666 referre,
1074 3617 1142 3669 quae
1167 3602 1195 3651 in
1217 3601 1267 3654 illa
1291 3601 1383 3654 insula

281 3684 336 3722 non
354 3670 441 3720 minus
459 3669 561 3721 duobus
582 3672 658 3724 aunis
677 3672 836 3735 viderimus,
856 3687 924 3741 quae
944 3675 1079 3725 commoda
1098 3681 1241 3739 suppetunt
1270 3672 1382 3726 urbibus

238 3740 240 3745 '
283 3741 411 3808 portubus
445 3740 559 3808 aliisque
586 3742 674 3806 loeis,
703 3758 782 3811 quum
806 3743 877 3795 haud
900 3759 985 3810 pauca
1012 3745 1044 3795 ad
1076 3746 1248 3797 enarrandum
1278 3752 1383 3796 restent

282 3827 386 3934 pesque
405 3812 580 3878 protrahant?
616 3830 699 3882 quare
724 3815 799 3868 hisce
818 3814 897 3868 rebus
915 3816 1003 3869 missis
1024 3815 1200 3884 profectionis
1219 3817 1381 3868 mentionem

295 3898 388 3935 acram.

384 3970 475 4025 Statim
495 3973 577 4042 igitur
595 3983 657 4043 post
674 3975 817 4028 solstitium
837 3977 968 4030 aestivum
987 3993 1066 4046 quum
1087 3977 1281 4045 prosectionem
1299 3992 1382 4043 para.

283 4059 355 4106 rem,
384 4046 503 4110 optimus
518 4045 649 4114 Georgius
668 4046 809 4100 lacrimans
835 4057 861 4100 et
879 4047 967 4100 medio
987 4051 1090 4114 animo,
1110 4058 1139 4101 ut
1160 4050 1196 4101 ita
1223 4048 1327 4112 dicam,
1347 4049 1382 4100 ob

285 4129 373 4166 meum
401 4117 547 4169 discessum
573 4117 650 4170 fissus
679 4134 763 4186 usque
794 4121 827 4172 ad
855 4128 958 4186 portum
991 4136 1035 4172 me
1061 4119 1290 4187 prosequebatur,
1319 4119 1381 4183 ubi,

289 4201 368 4254 quum
388 4189 524 4256 navigium
543 4198 662 4242 nostrum
682 4190 751 4244 velis
770 4192 855 4257 passis
873 4191 988 4244 secunda
1007 4199 1164 4260 tempestate
1184 4191 1301 4242 inultum
1314 4205 1383 4258 pro.

287 4257 405 4324 volaret,
424 4260 469 4311 diu
489 4261 575 4314 stabat
593 4259 680 4316 oculis
698 4278 741 4316 me
759 4261 903 4331 insequens
911 4262 1059 4334 multusque
1077 4263 1199 4317 lacrimas
1207 4263 1383 4330 profundens,
