2992 4918
224 319 445 393 nissonuu
471 293 730 392 numinis
759 323 857 388 xxv.
876 303 945 389 ot.
972 303 1041 386 38.
1148 313 1197 388 oo

30 495 32 510 '
110 486 269 568 nepesinus
291 486 444 554 όιιόθεσιν
478 485 532 552 διό
553 487 599 552 σέ.
652 489 708 551 καί
737 487 908 572 φοβεῖσθαι
937 489 998 568 μὲν
1021 481 1075 546 διό
1099 483 1199 550 antiss

108 587 156 650 καί
175 582 289 652 στάσιν
313 586 494 672 δημοτικήν,
513 587 567 654 σοί
583 591 645 669 μὲν
659 586 786 672 ου’όαμῇ
802 583 1033 669 προσήκουσαν,
1055 584 1096 647 ον’
1115 587 1199 665 μᾶλ-

108 679 155 750 λόν
175 709 210 771 γε
232 679 253 771 ἢ
273 687 349 764 τοός
380 691 524 764 λιθίνους
543 712 578 754 τε
603 687 659 753 καί
684 690 823 772 χαλκοῦς
855 685 1043 769 ἀνδριάντας
1074 682 1198 752 οἴκοθεν

107 791 283 870 κεκινῆσθαι
319 787 399 873 πρός
426 785 509 854 όπλα
538 792 595 855 καί
621 787 730 872 μάχας
769 791 861 888 φαίη,
873 809 922 863 τις
953 779 1010 871 όν,
1039 788 1132 873 σφίσι
1163 787 1199 850 δέ
1312 815 1323 836 ·

86 885 183 966 ομάλα
207 888 372 973 δήπουθεν
400 889 624 976 προσήκουσαν
645 894 832 977 φοβεῖσθαι.
890 881 937 963 οἷς
956 884 1017 972 γάρ
1040 884 1118 973 ἔργα
1140 901 1263 954 aen-80

105 993 168 1064 κίας
187 985 293 1056 ἔπεισι
315 993 419 1076 δρᾶν,
450 989 574 1068 τοότοις
602 989 714 1077 δήμιος
745 993 864 1075 γίνεται
900 987 955 1054 καί
983 987 1199 1073 ἀπαραίτητος

107 1086 251 1176 κολαστάς
272 1090 290 1156 ό
324 1096 382 1158 τοῦ
402 1091 580 1170 συνειδόσι
605 1095 760 1171 πέλεκυς,
782 1087 915 1176 syrien
936 1085 1035 1166 ἑστός
1056 1089 1111 1154 καί
1129 1115 1196 1172 μα-

105 1192 210 1269 στίζων
243 1192 351 1276 συχνά
383 1191 440 1279 την
468 1189 580 1278 ψυχὴν
607 1196 664 1259 καί
691 1192 811 1280 φόβους
842 1187 983 1268 ἅπαντας
1010 1192 1053 1277 τῷ
1074 1215 1199 1277 φαντα-

105 1295 189 1381 στικηό
209 1299 386 1378 προτιθείς,
407 1295 450 1371 ὥς
474 1293 668 1362 όποπτεόειν
687 1297 742 1359 καί
762 1292 802 1359 τό
825 1293 993 1358 ἀνύποπτα
1013 1297 1068 1358 καί
1082 1284 1118 1357 σέ
1141 1294 1199 1357 osis

73 1383 137 1475 ιθῆν
156 1395 255 1478 φόβος
291 1397 408 1477 satoris,
430 1395 516 1462 καθά
546 1394 624 1472 τοός
659 1393 869 1482 &sapitisne
900 1397 956 1459 καί
988 1389 1145 1479 φάραγξιν
1165 1395 1198 1458 έν

105 1493 230 1579 α’φεχγεῖ
245 1520 280 1561 τε
302 1501 359 1563 καί
377 1500 494 1588 βαθείηι
516 1499 606 1564 νυκτί
624 1501 847 1580 πλανωμένους
868 1493 1003 1580 πάσχειν
1020 1492 1199 1582 συμβαίνει·

103 1590 190 1673 βάτον
210 1597 274 1681 χάρ
297 1596 353 1662 καί
372 1603 490 1682 πέτραν
512 1597 567 1663 καί
593 1594 714 1685 φόλλον
738 1598 837 1682 όρυός
861 1586 946 1686 αόρηι
968 1598 1066 1682 λεπτῇ
1088 1592 1199 1661 κινοά-

103 1718 186 1772 μενον
214 1702 343 1785 ληστοόν
372 1700 427 1764 καί
453 1703 577 1787 θηρίων
597 1699 735 1784 έφόόους
764 1702 914 1782 ἡγοῦνται
937 1697 993 1762 καί
1020 1701 1197 1784 φρίττουσι,

105 1796 212 1874 ίειλίας
234 1796 364 1885 ἁπάσης
387 1802 494 1875 ου’τοῖς
515 1803 763 1885 περικεχυμένης
792 1796 1015 1881 ἁπανταχόθεν
1043 1799 1196 1879 ψευδοῦς.

73 1895 159 1960 15εἰοί
176 1899 204 1961 δ’
226 1897 259 1963 οἳ
279 1899 337 1965 καί
363 1905 450 1965 τοῦτ’
472 1898 553 1966 εἶναι
576 1897 754 1986 φάσκουσιν
777 1897 955 1964 αἴτιοντοῦ
979 1920 1015 1981 ys
1034 1896 1078 1981 μη
1100 1897 1196 1960 πλείω

104 1999 157 2060 τόν
175 2003 273 2082 τρισόν
306 2001 432 2081 ἐκείνων
467 2002 603 2085 θελῆσαι
633 2005 767 2084 ποιῆσαι
800 2003 952 2084 συνέδρια
980 1997 1085 2082 σφᾶς,
1120 1998 1197 2081 μηδ’

105 2096 233 2172 ἐξετάσει
258 2104 376 2168 sotsac
398 2104 542 2189 κανονικῇ
563 2103 767 2186 τάγκληματα
789 2105 813 2142 ”
834 2097 969 2181 τούτου,
989 2098 1041 2164 ἵνα
1063 2097 1108 2181 μή
1130 2103 1225 2173 salci.
1238 2114 1326 2171 libb.

106 2193 212 2265 άπασιν
253 2205 386 2290 ἐμφανῆ
419 2207 475 2269 καί
499 2209 683 2290 σαφέστερα
713 2200 961 2288 καταστήσοντες
994 2199 1072 2266 κατὰ
1102 2201 1196 2285 σφοόν

105 2299 199 2366 αάτοόν
222 2301 440 2388 α’ναστησονσι,
461 2305 517 2370 καί
536 2301 593 2382 σός
615 2303 811 2390 πεφόβηνται
844 2301 966 2390 φόβους
988 2306 1086 2387 πρίν,
1114 2297 1197 2364 πάν-

30 2405 32 2428 ¹
73 2403 156 2464 tirou
176 2407 324 2488 φοναῖσιν
344 2403 534 2490 ου’τόχρημα
562 2408 618 2472 νόν
638 2406 831 2490 αὐτουργοί,
856 2408 930 2469 καθ’
959 2397 1083 2469 ἑαυτόν
1106 2399 1199 2468 αὐτοί

106 2506 334 2587 καθιστάμενοι.
367 2502 416 2573 ἔτι
447 2510 483 2572 δέ
514 2510 570 2572 καί
590 2510 649 2571 soei
672 2506 714 2590 μη
745 2512 844 2574 πᾶσιν
864 2509 912 2571 ἐπ’
938 2503 1009 2589 ἴσης
1033 2509 1074 2572 δι’
1097 2496 1195 2587 όχλου

105 2608 240 2682 γενέσθαι
263 2615 329 2686 τοῖς
350 2610 525 2684 ἀντιθέτοις
546 2607 665 2686 αότοός
686 2611 773 2674 τοῦτ’
785 2603 866 2675 εἶναι
881 2606 1060 2695 φάσκουσιν
1080 2602 1194 2690 αἴτιον,

105 2699 148 2768 ἳνα
171 2706 208 2792 ris}
230 2704 279 2792 μη
301 2711 499 2796 φωραθῶσιν
520 2705 663 2788 ἅπαντας
684 2715 866 2796 κεκτημένοι
888 2707 1004 2794 σχεδόν
1024 2708 1195 2790 πολεμίους

107 2954 135 3009 lis
152 2963 287 3016 exoriatur
304 2962 411 3030 seditio,
431 2964 476 3033 qni
496 2965 601 3034 quidem
619 2971 705 3017 metus
725 2965 757 3016 ad
776 2971 804 3017 te
828 2963 899 3016 baud
930 2961 1015 3032 inagis
1045 2961 1190 3030 pertinent,

108 3043 174 3095 quem
191 3036 213 3086 ai
233 3036 296 3104 quis
314 3041 414 3088 statuas
433 3036 552 3103 lapideas
571 3043 599 3088 et
616 3051 713 3088 aeneas
733 3051 780 3088 sua
801 3043 896 3105 sponte
916 3036 948 3088 ad
967 3049 1038 3086 arma
1056 3041 1083 3086 ct
1109 3049 1193 3102 proe-

108 3096 139 3151 lia
153 3109 255 3160 moveri
274 3107 392 3160 diceret:
412 3107 444 3159 ad
462 3108 529 3160 istos
548 3113 620 3159 vero⁴
633 3123 759 3176 perquam
777 3108 846 3160 tales
871 3115 957 3160 metus
983 3107 1127 3174 pertinent.
1158 3106 1193 3159 iis

110 3174 177 3242 enin,
194 3177 239 3247 qui
263 3178 395 3231 maleficis
413 3181 587 3244 committunt,
608 3179 729 3232 carnifex
747 3181 851 3247 qnidam
875 3187 902 3230 et
926 3177 1100 3230 inexorabilis
1128 3179 1192 3230 vin.
1289 3193 1297 3210 ι

109 3243 152 3296 dax
167 3250 241 3303 adest
261 3251 445 3315 conscicntia,
465 3266 516 3318 qua
535 3249 622 3302 velati
641 3251 730 3304 securi
749 3253 849 3304 animus
876 3249 1027 3319 flagellatur
1047 3257 1074 3301 et
1100 3263 1192 3302 omues

109 3315 203 3373 timores
222 3321 436 3389 cogitationibus
456 3323 621 3387 iniiciuntur,
641 3330 670 3374 ut
688 3323 867 3390 suspicentur,
879 3337 947 3391 quaa
961 3323 1020 3376 sine
1038 3323 1192 3390 suspicione

110 3395 160 3440 sont
174 3392 297 3459 nihilque
315 3383 483 3462 ritetuendutn
511 3395 539 3445 in
564 3409 594 3446 se
621 3394 736 3460 habent,
766 3396 857 3446 eadem
875 3394 979 3445 ratione
1005 3393 1114 3459 affecti,
1141 3407 1193 3463 qua

111 3456 253 3516 oberrantes
275 3465 303 3515 in
324 3465 438 3518 desertis
458 3463 527 3517 locis
545 3473 625 3534 atque
645 3466 766 3518 faucibus
786 3481 866 3519 caeca
886 3472 913 3516 ct
930 3465 1078 3534 caliginosa
1096 3473 1193 3518 noctes

110 3526 198 3586 domun
210 3536 289 3598 ,enim
309 3543 336 3587 et
353 3550 444 3591 saxum
463 3551 495 3588 ac
519 3535 613 3588 folium
630 3535 687 3589 levi
712 3553 777 3589 aura
800 3538 1000 3606 agitatumpro
1030 3537 1193 3604 praedonum

112 3607 133 3650 et
150 3603 260 3660 ferarum
279 3610 404 3678 ingressu
422 3607 521 3660 bsbcnt
539 3616 618 3676 atque
638 3609 791 3674 cohortent,
811 3609 914 3660 ialsact
925 3609 997 3660 inani
1016 3609 1192 3677 undecunque

112 3671 272 3732 circumventi
291 3681 522 3732 timiditatem
541 3688 628 3732 autem
647 3688 797 3748 praeterea,
816 3681 861 3749 qni
883 3677 981 3744 dicant,
1001 3679 1093 3734 hocin
1113 3692 1192 3732 causa

113 3755 169 3812 csse,
186 3765 232 3802 cnr
251 3750 424 3822 pluraquam
449 3752 500 3804 tria
518 3752 569 3804 ista
587 3751 703 3803 concilia
728 3754 818 3805 fucere
845 3759 871 3804 ct
890 3751 1088 3804 criminationes
1114 3751 1192 3804 istius

113 3822 242 3874 canonicae
262 3824 442 3892 disquisitioni
462 3821 596 3876 subiicere
616 3822 713 3887 nolint,
732 3840 767 3876 ne
786 3823 907 3875 omnibus
930 3835 975 3875 cas
993 3825 1031 3874 ita
1049 3823 1192 3891 perspicue

112 3893 177 3956 tique
196 3893 296 3946 clarius
315 3893 551 3964 cognoscentibus,
574 3896 601 3946 in
620 3911 650 3947 se
669 3897 742 3963 ipsos
763 3911 854 3947 omncs
864 3895 1000 3946 concitent
1019 3902 1047 3946 et
1063 3909 1108 3958 nc,
1129 3894 1191 3963 qui.

112 3954 151 4010 bus
173 3965 310 4019 timoribus
335 3975 413 4019 antea
431 3968 521 4018 vexati
548 3974 622 4031 sunt,
651 3981 697 4018 cos
721 3982 818 4019 revera
843 3980 913 4019 nunc
934 3966 1056 4033 sibiipsi
1082 3965 1191 4028 iaciant,
1239 3981 1242 3993 ·

113 4027 204 4087 dissidio
223 4040 386 4106 inter-ipsos
406 4046 509 4090 exorto.
529 4037 600 4104 quod
620 4039 651 4089 ad
673 4039 700 4088 id
718 4040 825 4103 attinet,
847 4038 917 4107 quod
935 4053 990 4090 non
1005 4037 1192 4089 omnibussuis

112 4101 256 4164 tdtetsariis
272 4111 373 4178 pariter
390 4111 500 4179 negotia
520 4109 672 4174 iacessunt,
700 4112 756 4162 eius
784 4112 825 4161 rei
844 4124 950 4163 causam
971 4111 1050 4161 etiam
1069 4123 1129 4161 csse
1147 4105 1190 4157 di.

114 4182 171 4241 nst,
187 4197 220 4234 ne
238 4183 276 4234 ita
296 4186 433 4249 appareat,
452 4196 543 4234 omncs
562 4179 620 4232 fere
638 4181 758 4233 homines
769 4182 906 4248 perversis
917 4195 1008 4233 eorum
1026 4177 1191 4234 novitatibus

112 4242 216 4307 infensos
235 4268 316 4314 esse.¹
349 4254 417 4304 haec
436 4254 517 4322 igitur
535 4261 653 4322 quartam
673 4267 795 4320 causam,
815 4269 862 4306 cur
880 4260 909 4306 tn
928 4253 1097 4322 gravioribus
1116 4250 1190 4305 iniu-

190 4344 353 4424 Νλιιρλοειιι
373 4349 482 4421 ursin.
507 4349 562 4407 Vol.
575 4349 628 4407 111.
988 4354 1005 4408 5
