2880 4910
300 323 373 404 oto
441 389 446 399 ,
521 327 526 334 “
607 319 862 406 ³utcaruou1
893 331 1123 404 oaaoouaa

299 497 534 584 προαιρίσιαᾶ
555 503 653 584 φησίν
674 498 837 621 οΝοσσης
853 501 881 565 Γ
880 499 1047 584 ρηγοριος
1046 493 1137 563 ‘dano
1155 499 1262 585 έθέλη
1266 499 1388 581 πρᾶγμα
1437 529 1438 550 ι

297 599 434 682 γίνεται,
455 597 510 665 καί
538 600 702 666 οδσιοδται
725 624 762 665 το
743 569 932 685 βούλημα
962 597 1063 676 οδθδς
1094 595 1193 686 priore
1222 598 1389 720 γινόμενον,

297 703 354 782 τῆς
375 698 622 824 παντοδνγτίμον
647 697 845 786 έξοοσίας,”
825 725 904 786 οπερ
928 726 968 766 αν
988 724 1098 820 ροφοος
1121 723 1154 765 τε
1175 699 1230 764 καί
1247 701 1389 782 τεχνικῶς
1437 695 1438 768 J

210 817 218 828 '
297 797 453 890 έθοληση,
480 798 525 885 μη
549 798 769 868 α’νοπδστατον
792 803 942 885 ποιούσης
962 799 997 866 τδ
1020 792 1175 885 θέλημα.”
1225 799 1317 873 τόπος
1337 794 1389 880 γδρ
1437 831 1438 884 3

172 897 355 966 50153V·ttnt'
374 904 463 983 λόγος
495 901 601 979 ον’δείς
629 900 744 987 δρᾶται
774 902 852 966 κιττοὶ
884 901 941 967 τὸν
969 907 1059 966 θεῖον
1089 897 1253 984 Κδριλλον
1280 892 1410 979 μεταξδῡ

299 1005 433 1085 ποιητοῦ
453 1005 508 1067 καί
528 1005 710 1083 κτίσματος.
754 1005 894 1085 ἐνέργεια
916 1005 945 1066 δ’
964 1002 1018 1068 έπί
1040 1005 1117 1065 θεοῦ
1137 1003 1296 1065 δέδεικται
1317 992 1390 1062 εἶναι

300 1100 319 1185 ἦ
341 1105 406 1167 τοῖν
428 1099 573 1185 μογδλων
595 1106 650 1166 καί
663 1105 864 1182 ’θαυμασίων
885 1099 985 1184 ἔργων
1001 1102 1103 1166 atrei
1123 1098 1203 1182 πρὸς
1227 1095 1311 1182 ἡμᾶς
1333 1121 1391 1182 ρα-

300 1204 443 1286 κέρονσις.
485 1203 586 1266 ταῦτα
610 1204 639 1266 δ’
670 1200 738 1268 ἐστι’
769 1198 933 1284 ποιήματα
953 1201 1083 1277 errori,
1105 1199 1160 1264 καί
1180 1199 1310 1284 σι’δαμῇ
1329 1193 1392 1260 θεοί
1437 1245 1438 1248 ,

299 1305 355 1366 καί
371 1296 520 1388 θοδτητᾶ
538 1295 691 1369 ἔκτισται.
745 1293 790 1368 οδν
813 1303 949 1383 ον’δεμία
970 1325 1019 1377 τις
1041 1299 1240 1386 προηγήσατο
1269 1300 1390 1382 κίνησις,
1437 1335 1438 1358 ι

297 1396 337 1485 ἣν
358 1400 520 1488 ένέργειαν
538 1402 614 1487 odys
634 1379 719 1470 οίναι
738 1400 951 1479 α’ναπλιίττεις
987 1405 1044 1467 νῦν
1066 1401 1121 1466 καί
1141 1401 1279 1484 θεδτητα
1301 1419 1421 1480 προσ-ιο

298 1500 461 1587 ογορεδοις
496 1498 640 1571 οἴκτιστον
673 1506 729 1570 καί
755 1507 810 1588 τῆς
842 1507 934 1578 θοίιτς
968 1503 1080 1576 οδσίος
1109 1497 1275 1587 διάφορον.
1321 1495 1390 1561 ciari-

298 1611 429 1684 πλασμα
451 1598 516 1689 ἄρα
545 1609 604 1687 σῆς
624 1602 811 1688 ,διανοίαςῆ
836 1604 877 1688 οη
899 1605 1012 1689 θεότης
1037 1605 1141 1684 ἐστίν,
1173 1593 1239 1666 οἷον
1269 1601 1335 1665 ουδ’
1355 1590 1388 1660 δν

224 1755 226 1762 .
298 1700 328 1768 οῖ
349 1703 425 1780 τούς
445 1693 663 1792 τραγελάφους
685 1703 870 1781 πλάττοντες
892 1706 1084 1790 έννοησαιον.

205 1829 288 1885 100
400 1811 529 1892 Πολλῆς
547 1831 582 1892 γε
610 1807 675 1892 μη“ν
697 1805 872 1882 ένστᾰσεως
900 1810 963 1872 τοῖν
992 1800 1192 1889 ἑκατέρωθεν
1221 1806 1389 1888 γενομένης,

130 1920 137 1926 “
300 1905 356 1974 καί
377 1907 478 1991 λόγων
499 1911 625 1991 σοχνοδν
637 1910 840 1974 κενωθέντων
857 1909 944 1984 οΐοος
964 1901 980 1970 δ
999 1909 1052 1989 τῆς
1065 1903 1170 1991 ἔριδος
1184 1907 1277 1988 μίτος
1298 1905 1389 1990 δροί-
1397 1919 1420 1970 15

301 2109 414 2190 ζδνταν
435 2114 480 2208 τῷ
511 2111 658 2196 Παλαμᾴ
693 2110 987 2191 περιβομβησαντος
1019 2130 1076 2182 τος
1108 2107 1197 2229 ἦμριν
1227 2104 1330 2187 α’κοάς,
1352 2105 1387 2178 οδς

297 2212 398 2294 μηδ’
398 2197 606 2287 inueniretur
626 2208 790 2274 δοκασθοι
797 2234 826 2274 τι
847 2210 911 2271 τοδο
931 2209 1117 2290 λεγομένων,
1141 2209 1323 2328 α’νεχαίτιρε
1342 2202 1387 2269 τὸν

300 2309 460 2393 δρόμον
446 2337 464 2374 α
483 2311 515 2373 Γ
512 2334 649 2393 ρηγοροις
679 2310 805 2374 ἐκείνων
834 2311 899 2374 τοῖν
922 2305 1075 2390 ἐλέγχων,
1102 2306 1218 2390 ἵναμὴ
1246 2308 1299 2372 καί
1318 2302 1388 2387 πρὸ·

302 2414 400 2494 φασίς
421 2434 468 2486 τις
499 2410 674 2494 δσονοηται
711 2412 856 2474 noio-rori
893 2411 1041 2490 Παλαμιῖ
1069 2414 1290 2474 καθίστασθαι
1316 2413 1417 2488 {iio-oo

302 2513 463 2594 σφημιοῖν.
514 2515 726 2589 παυσαμένων
746 2509 805 2592 γὰρ
830 2513 891 2574 τόν
922 2511 1059 2592 ἐλέγχων
1079 2507 1190 2595 φησίν,
1213 2511 1267 2574 καί
1288 2509 1386 2591 μηκέτι

211 2633 225 2678 '2'
276 2607 335 2675 ’τὸ
358 2609 484 2690 ἀμαθές
509 2608 718 2695 έρεθιζόντων
747 2613 877 2695 ἐκείνου,
898 2597 1082 2676 παύσεσθαι
1112 2611 1169 2674 καί
1193 2607 1228 2674 ro'
1251 2610 1386 2690 πολέμιον

303 2931 361 2983 iieri
381 2938 480 2997 potest.
523 2930 636 2998 impetus
664 2932 733 2985 eninr
763 2932 870 2985 consilii
891 2932 1005 2997 divini,
1024 2931 1061 2984 ait
1085 2929 1231 3000 Gregorius
1255 2930 1384 3002 tyaneus,

304 3019 363 3055 cum
382 3001 454 3054 vuit
458 3018 502 3054 res
521 3001 568 3067 iit,
596 3010 623 3055 ct
641 3003 765 3056 voluutas
791 3005 908 3056 essentia
931 3003 1046 3056 afficitur
1073 3005 1111 3054 ita
1130 3010 1159 3054 ut
1178 3003 1265 3054 statim
1283 3001 1325 3053 iiat
1341 3015 1383 3051 ua-

303 3081 374 3140 tura,
394 3073 518 3126 voluntas
536 3075 658 3126 nimirum
678 3077 818 3142 potestatis
838 3075 1042 3142 omnipotentis,
1063 3090 1131 3142 quae
1156 3075 1329 3143 quodcunque
1345 3085 1383 3122 sa-

303 3150 410 3214 pienter
438 3155 465 3198 et
483 3145 628 3197 artificiose
656 3135 715 3199 vult
733 3147 833 3211 efficit,
860 3154 888 3197 ut
909 3146 1033 3198 uoluntas
1053 3161 1107 3198 non
1125 3153 1215 3197 careat
1244 3143 1382 3197 substantia.

303 3217 380 3269 locus
400 3218 470 3268 euim
491 3225 517 3268 et
543 3219 611 3269 ratio
628 3217 703 3270 uuilo
722 3220 799 3271 modo
829 3218 993 3284 conspicitur
1012 3217 1155 3269 secundum
1177 3216 1305 3283 cyrillum
1322 3212 1382 3267 divi-

303 3304 367 3340 num
386 3289 554 3339 intercedens
586 3290 656 3342 inter
684 3297 831 3342 creatorem
852 3297 879 3341 et
898 3298 1032 3340 creatum:
1058 3287 1230 3340 efficientiam
1256 3297 1336 3340 autern
1360 3283 1382 3332 it

305 3359 355 3410 deo
375 3359 579 3410 demonstratum
599 3369 640 3414 est
660 3376 720 3414 esse
739 3362 796 3412 eius
822 3360 1029 3412 declarationem
1052 3374 1208 3428 magnorum
1236 3367 1263 3410 et
1288 3354 1382 3410 mirabi-

304 3426 370 3482 lium
390 3445 499 3496 operum
528 3431 605 3483 uobis
636 3433 747 3484 iactam.
776 3431 843 3484 haec
869 3440 955 3484 autern
980 3439 1041 3484 sunt
1065 3446 1147 3498 opera
1181 3435 1381 3492 creaturaeque

305 3499 447 3552 vernuilo
468 3503 545 3554 modo
570 3504 613 3555 dei
641 3512 668 3555 et
692 3505 846 3556 divinitates
865 3505 1015 3567 increatae,
1040 3503 1135 3570 quibus
1165 3501 1240 3553 uuila
1267 3495 1382 3552 antecedit

304 3573 403 3636 motio,
429 3587 505 3640 quatu
530 3582 558 3626 tu
578 3575 683 3643 quidem
713 3575 882 3627 efficientiam
907 3590 966 3627 esse
996 3540 1074 3642 ii’ugis
1098 3588 1169 3625 nunc
1188 3581 1216 3624 et
1233 3573 1381 3624 divinitatem

305 3643 427 3711 appellas
447 3645 590 3697 increatum
609 3654 636 3697 et
654 3646 687 3698 ab
707 3648 823 3711 essentia
842 3647 933 3698 divina
955 3646 1104 3698 diversant:
1130 3645 1202 3696 fictio
1222 3646 1303 3714 igitur
1319 3653 1381 3693 men-

305 3717 338 3767 tis
358 3723 419 3766 tuae
445 3721 485 3768 est
506 3717 631 3772 divinitas
657 3725 720 3783 tua,
747 3718 851 3787 qualem
875 3733 911 3769 ne
938 3717 1110 3786 tragelaphos
1138 3717 1245 3785 quidem
1269 3715 1380 3782 fingente!

306 3788 458 3856 excogitare
479 3789 590 3856 possint.

403 3885 498 3950 Magoa
516 3887 621 3952 quidem
643 3887 813 3953 oppositione
830 3887 911 3953 partis
926 3887 1064 3954 utriusque
1084 3887 1153 3937 iacta
1173 3894 1200 3937 et
1222 3885 1308 3937 uerbis
1326 3891 1378 3931 cot-

305 3956 397 4008 sumtis
420 3955 510 4023 qualia
535 3957 728 4022 obiurgationis
756 3956 839 4008 titium
858 3959 991 4021 contexit,
1020 3956 1152 4024 simulque
1171 3955 1284 4008 tumultu
1301 3963 1377 4018 magot

305 4035 399 4078 exorto
418 4027 526 4079 iliorum
546 4028 650 4078 indocte
670 4027 849 4080 adiuuantium
869 4029 1000 4080 Palemam
1015 4029 1060 4097 qui
1079 4043 1158 4080 aures
1182 4037 1286 4079 nostras
1303 4023 1377 4092 perio·

304 4100 375 4150 ravit
394 4099 430 4149 ita
449 4105 585 4166 utusque
605 4099 723 4149 exaudiri
743 4108 836 4165 posset
854 4101 995 4170 quidquam
1015 4101 1163 4165 dictorum,
1185 4099 1312 4167 Gregoras
1329 4105 1377 4144 cor·

304 4185 361 4221 sum
380 4169 491 4220 retinuit
508 4177 723 4251 argumentorum
742 4169 865 4236 illorum,
890 4187 924 4223 ne
943 4172 1048 4238 species
1067 4171 1239 4224 stimularetur
1257 4164 1376 4220 convicit·

303 4256 360 4300 rura
380 4238 503 4296 Pataroue
534 4247 563 4297 ut
587 4241 782 4296 consisterentr
811 4243 909 4296 etenim
936 4243 959 4296 si
988 4243 1143 4297 desinerent
1169 4247 1324 4315 argumente,
1341 4233 1375 4294 tii
