2992 4918
274 329 320 402 16
578 325 803 400 memnoni
840 327 1071 400 onnoottln

270 496 368 576 μένην
386 491 584 574 ἀποστόλων,
606 493 677 558 λίαν
700 481 849 574 α’σμένως
868 488 952 559 εἶδον
981 492 1029 560 ἔτι
1051 501 1166 578 σημεῖα
1186 489 1303 576 ψυχαῖν
1324 497 1371 568 εἰς

271 592 437 675 εύοέβειαν
459 598 673 677 θερμοτὲρων.
716 591 815 682 ταύτῃ
829 616 878 659 τοι
902 594 958 658 καί
977 592 1147 676 ἐθαύμασα
1169 598 1288 675 μᾶλλον
1310 597 1371 658 αύ-Ι

269 693 325 776 riv
350 696 391 758 δι’
415 692 495 758 αύτύ
520 718 554 776 γε
569 689 697 779 τουτίῆ
720 696 773 760 διὰ
795 688 915 777 τᾶλλα,
938 694 1038 760 ύπύσα
1060 697 1099 782 τῇ
1122 693 1207 760 πόλει
1228 701 1371 779 περίεστι

268 792 308 860 τοὶ
333 794 423 859 καλύ.
478 798 534 878 τῆς
566 795 626 880 γαρ
662 792 846 883 α’λλοφύλου
883 801 1055 880 θρησκείας
1093 800 1372 881 συμπεφυρμένως

266 892 522 979 ἐπιπολαζούσης
546 895 614 960 ἐκεῖ
630 892 833 980 πανταχόθεν
853 901 908 972 καί
930 899 1085 983 πανταχῇ,
1118 889 1172 959 ἅτε
1196 900 1249 980 τῆς
1270 893 1395 979 Ἆρά-5

269 998 335 1076 βων
368 998 568 1080 ἐπικρατείας
590 993 623 1074 ἐξ
646 994 837 1080 Αἰγύπτου,
869 1001 992 1078 μᾶλλον
1026 998 1056 1060 θ’
1086 999 1119 1060 ἐκ
1143 995 1297 1080 Κυρήνης
1318 1001 1374 1062 καί

270 1093 505 1174 Πενταπύλεως
536 1101 592 1163 καί
617 1101 679 1164 ταῖν
700 1122 734 1182 γε
764 1096 811 1163 ἔτι
843 1099 952 1164 τούτου
979 1099 1171 1182 προσωτέρω
1202 1097 1372 1181 διηκούσης

271 1192 350 1282 οἵχρι
370 1195 426 1262 καί
445 1195 478 1275 ές
507 1199 545 1268 τύ
569 1203 626 1286 τῆς
642 1195 843 1283 Ἀντιοχείας
868 1202 1033 1280 ἐπέκεινα,
1054 1199 1224 1280 συμβαίνει
1246 1200 1298 1262 καί
1318 1199 1373 1280 τῆς

269 1299 438 1386 Ἀραβικῆς
465 1303 636 1384 θρησκείας
667 1302 821 1384 δείγματα
853 1299 999 1384 πανταχῇ
1039 1300 1096 1380 τῆς
1124 1299 1179 1381 γῆς
1211 1294 1373 1381 ύπύρχειν

148 1413 169 1468 l.
189 1403 400 1486 981τ.έκείνης.
443 1401 493 1464 διὸ
511 1404 570 1481 καί
590 1401 819 1483 ἀντεχομένους
839 1404 908 1490 ἐκεῖ
923 1402 1038 1487 κομιδῇ
1059 1404 1082 1438 ”
1104 1401 1166 1464 των
1186 1398 1374 1479 Ἀντιοχέων
1384 1413 1415 1468 10
1487 1443 1488 1474 1

270 1500 370 1578 αύτός
391 1501 476 1585 ὅρων
497 1503 572 1576 τούς
592 1502 732 1584 εύσεβούς
752 1496 921 1583 ἑλομένους
945 1502 1001 1584 ζῆν
1024 1496 1104 1581 ύπέρ
1145 1500 1207 1564 τοῦν
1229 1498 1374 1580 πατρίων
1487 1485 1488 1496 ¹

269 1605 324 1686 τῆς
348 1599 515 1684 εύσεβείας
538 1601 702 1686 δογμάτων
726 1595 804 1687 ἄχρι
831 1607 971 1668 θανάτου
1006 1605 1142 1683 δεῆσαν,
1169 1599 1373 1682 διύμακροῦ

271 1704 328 1768 τού
347 1698 513 1782 θαύματος
542 1699 718 1788 ἐποιούμην
746 1709 824 1778 τέως
853 1702 912 1786 ε’γύ
944 1701 979 1768 τύ
1006 1704 1131 1784 ἐκείνων
1151 1703 1293 1784 πρᾶγμα,
1320 1697 1375 1762 καί
1487 1693 1488 1706 ³

272 1807 303 1879 ές
326 1801 382 1889 την
405 1799 503 1868 πύλαι
524 1806 650 1888 μνύμην
671 1805 785 1888 α’νῆγον
808 1804 909 1879 ου’θύς
929 1806 1049 1888 ἐκείνην
1068 1800 1122 1867 τὸν
1141 1805 1226 1867 νούν.

207 1922 264 1974 lo
372 1897 454 1968 Εἶεν.
498 1901 580 1968 diti
600 1903 681 1985 μετὰ
702 1905 810 1989 βραχύ
833 1907 978 1968 κάκεῖθεν
1005 1901 1130 1986 α’πύρας
1158 1899 1271 1988 οἷπῂειν
1293 1890 1437 1995 ύχρι15ι
1487 1989 1488 1996 η

272 2007 327 2073 καί
348 2006 394 2079 είς
409 2001 530 2090 Ἰσσόν,
563 2001 641 2070 ἔνθα
660 2003 734 2082 τούς
756 2002 925 2078 Κιλικίους
952 2003 1098 2078 αύλοὸνας
1112 2005 1182 2067 τῶν
1205 2002 1374 2085 Ταυρικῶν

239 2152 242 2155 -
272 2103 480 2189 παραψαύειν
509 2107 594 2189 ὀροῖν
622 2105 740 2190 σχεδόν
760 2108 859 2171 εἰπεῖν
887 2109 920 2170 ἐκ
947 2098 1075 2191 φύσεως
1096 2106 1296 2189 συνηνέχθη·
1341 2103 1375 2176 ές
1487 2185 1488 2196 η

274 2208 405 2273 τοσοῦτο
426 2205 488 2289 γύρ
519 2203 718 2291 βραχύτητος
753 2205 769 2270 ai
805 2202 922 2287 μεταξύ
953 2209 1155 2270 συστέλλεται
1177 2205 1282 2288 χῶρος
1309 2205 1380 2270 έκεῖ
1487 2207 1488 2220 ’

187 2327 193 2346 ‘
273 2305 307 2374 έιι
325 2330 358 2373 τε
376 2305 533 2392 θαλάττης
556 2311 611 2372 καί
631 2305 715 2390 α’ρύν
735 2305 861 2374 ἐκείνων
892 2299 971 2372 ὥστε
992 2308 1048 2378 καί
1066 2303 1164 2370 πύλαι
1185 2312 1250 2380 τοῖς
1272 2303 1375 2370 πύλαι

274 2409 578 2492 προσηγορεύθησαν
602 2411 735 2474 Ἰσσικαί
752 2432 784 2475 τε
815 2403 883 2490 ἅμα
913 2410 969 2472 καί
994 2409 1160 2493 Συριακαί.
1208 2409 1265 2472 καί
1286 2405 1416 2482 adamo
1487 2447 1488 2482 η

274 2511 302 2574 δ’
317 2506 404 2574 έστιν
421 2509 620 2593 Ἀντιοχείας
636 2509 834 2595 α’ρχαιοτέρα
851 2514 1077 2595 παρακειμένη,
1090 2507 1146 2585 ξύν
1156 2532 1194 2593 γε
1210 2507 1376 2584 πλείσταις

273 2607 395 2694 ἑτέραις
422 2611 643 2696 Ἀλεξάνδρεια
682 2616 870 2697 καλουμένη.
917 2613 1046 2696 ταύτην
1078 2608 1140 2696 γύρ
1169 2610 1377 2693 Ἀλέξανδρος
1487 2665 1488 2668 ,

270 2708 420 2797 ἀνήγειρε
440 2711 567 2796 προύτην
602 2705 730 2810 ύηγαλμα
759 2713 844 2797 νίκης
880 2714 1002 2793 εἰπεῖν,
1031 2705 1070 2796 ἢν
1093 2710 1213 2776 αύτύθι
1233 2712 1376 2796 Δαρεῖον

275 3005 361 3064 adhuo
378 3001 479 3060 indicia
499 3009 646 3060 animorum
666 3007 811 3061 fervidiore
830 3009 930 3074 pietate
951 3023 1124 3062 accensorum
1142 3007 1268 3076 cognovi.
1290 3020 1376 3074 qnare

247 3077 308 3130 ‘ob
328 3078 396 3130 hanc
414 3079 498 3145 ipsam
515 3094 571 3131 rem
590 3080 674 3148 magis
696 3079 787 3130 urbem
807 3079 948 3132 admiratus
974 3095 1032 3133 eum
1058 3095 1135 3148 quam
1159 3079 1193 3130 oh
1222 3079 1275 3130 alia
1296 3093 1374 3129 com.

273 3150 351 3201 moda
372 3157 399 3200 et
420 3158 591 3214 ornamenta,
611 3167 678 3218 quae
701 3151 726 3201 ei
746 3158 896 3218 suppetant.
941 3151 1014 3203 cultu
1035 3153 1103 3203 enim
1122 3151 1273 3220 peregrino·
1285 3150 1374 3201 unde.
1487 3183 1488 3186 ,

275 3235 383 3289 quaque
407 3223 558 3287 promiscue
582 3222 716 3290 gliscente
749 3223 921 3290 omnibusque
947 3223 1015 3274 locis
1041 3231 1161 3276 exstante
1188 3225 1282 3291 (quum
1301 3222 1374 3272 enirn

230 3310 236 3328 ι
273 3291 389 3344 Arabum
409 3293 549 3360 imperium
570 3293 632 3345 inde
652 3294 684 3345 ab
701 3293 826 3362 Aegypto
846 3303 891 3345 aut
916 3295 1004 3360 potius
1024 3310 1039 3346 a
1061 3294 1167 3360 Cyrene
1186 3300 1213 3344 et
1227 3291 1374 3358 'Pentapoli
1398 3347 1402 3356 ,

274 3379 305 3414 ac
322 3363 478 3431 regionibus
499 3366 578 3416 etiam
599 3366 786 3417 remotioribus
807 3381 892 3434 usque
905 3365 1074 3418 Antiochiam
1095 3374 1123 3418 et
1140 3363 1210 3416 ultro
1228 3364 1373 3431 pertineat,

274 3450 323 3486 usu
342 3437 418 3487 renit
435 3445 466 3489 ut
482 3427 615 3489 Arabicae
644 3437 785 3505 religionis
804 3437 921 3505 uestigia
938 3437 1037 3507 ubique
1060 3439 1088 3489 in
1115 3435 1165 3488 illa
1182 3443 1254 3488 terra
1274 3450 1374 3487 occur.

274 3510 358 3576 rant),
377 3507 422 3558 ubi
443 3507 655 3571 Antiochenses,
680 3509 849 3577 quiquidem
870 3511 915 3575 pie
936 3524 967 3560 ao
986 3516 1060 3561 recte
1080 3509 1114 3560 de
1132 3507 1265 3576 religione
1284 3507 1374 3558 senti.

274 3585 343 3643 rent,
362 3592 411 3645 pro
429 3579 523 3645 patriis
541 3581 649 3645 pietatis
669 3581 799 3649 dogmatis
819 3580 925 3632 fortiter
943 3583 1099 3634 resistentes
1118 3579 1255 3643 videbam,
1275 3580 1374 3630 etiarn.

275 3650 298 3701 si
319 3657 430 3702 mortem
450 3652 604 3717 perpessuri
624 3659 723 3716 essent,
736 3653 763 3702 in
783 3668 882 3704 summa
901 3668 957 3703 eam
975 3667 1031 3703 rem
1050 3653 1223 3708 admiratione
1242 3650 1374 3702 habebam

275 3727 354 3790 atque
368 3721 402 3772 ad
417 3729 535 3774 veterem
546 3724 697 3775 memoriam
713 3723 793 3774 talem
812 3724 943 3776 sentiendi
962 3725 1092 3775 rationem
1106 3724 1193 3776 statim
1211 3721 1373 3774 referebam.
1487 3775 1488 3782 χ

375 3808 501 3864 ceterum
528 3810 608 3878 paulo
636 3819 795 3879 postquam
818 3828 861 3864 me
880 3812 1012 3864 dedissem
1038 3813 1065 3864 in
1087 3813 1167 3876 viam,
1186 3827 1271 3880 usque
1287 3811 1374 3862 Issum
1487 3865 1488 3886 η

276 3878 506 3946 profectuosum,
537 3881 582 3932 ubi
604 3882 743 3937 convalles
765 3883 878 3938 Ciliciae
903 3900 961 3935 cum
985 3885 1063 3936 Tauri
1088 3883 1220 3935 montibus
1245 3890 1375 3935 anatura
1487 3931 1488 3938 ,

276 3950 333 4000 lere
353 3952 411 4026 ipsa
441 3954 596 4020 coniunctas
623 3971 681 4006 esse
707 3956 816 4007 dixeris.
854 3963 906 4006 tam
932 3955 1015 4008 breve
1038 3957 1108 4007 enim'
1126 3955 1240 4022 spatium
1260 3955 1376 4006 interest

174 4042 176 4049 ι
276 4021 346 4072 iuter
367 4038 439 4076 mare
461 4033 488 4076 et
505 4033 608 4078 montes
628 4025 701 4091 illos,
721 4034 863 4094 utportae
883 4042 899 4076 a
918 4027 1054 4079 veteribus
1077 4034 1103 4078 et
1120 4027 1221 4079 lssicae
1242 4025 1374 4091 etSyria-
1487 4029 1488 4090 ff

276 4107 323 4143 cae
345 4090 606 4164 cognominarentur.
645 4097 707 4151 urbs
728 4097 765 4150 ibi
784 4099 834 4150 sita
856 4106 896 4149 est
914 4099 1048 4165 antiquior
1058 4097 1211 4161 Antiochia,
1231 4113 1289 4150 cum
1309 4096 1374 4164 plu·
1487 4119 1488 4124 ¹

274 4164 347 4219 rimis
366 4169 464 4238 ceteris
477 4167 639 4223 Alexandria
657 4168 800 4235 appellata.
838 4185 895 4219 eam
911 4171 980 4220 enim
996 4169 1149 4222 Alexander
1167 4169 1243 4238 quasi
1261 4170 1375 4236 primum

275 4242 413 4305 tropaeum
438 4241 570 4294 victoriae
602 4241 749 4306 excitavit,
774 4255 849 4308 quam
877 4239 914 4291 ibi
935 4240 967 4292 de
987 4241 1068 4293 llario
1090 4240 1171 4293 l’ersa
1194 4241 1307 4308 primum
1327 4255 1374 4290 re.
1487 4289 1488 4320 η
