2992 4918
270 325 493 443 msnonmn
522 371 779 438 nuzuummn
804 371 902 434 xxii.
935 350 975 436 4.
1008 352 1046 434 5.
1127 316 1162 336 ”
1196 358 1220 434 o

122 559 202 620 μονα
216 539 332 625 κομιδῇ
356 538 412 601 καί
433 531 611 618 ἀθόρυβον,
635 525 716 597 ἅττα
741 532 807 597 ποτ’
838 525 877 596 όν
900 529 998 606 αότός
1019 531 1093 610 έμοί
1112 552 1222 614 προτι-

74 659 76 664 ’
123 643 213 704 θέναι
233 637 364 720 βούλοιο
385 628 430 701 ὧν
452 636 470 720 ἦ
494 631 602 719 μακρό
625 657 676 700 σοι
697 636 841 718 περίοδος
865 632 1045 716 ἐχαρίσατό
1061 635 1118 716 γῆς
1137 627 1222 712 όμοό

122 741 175 803 καί
193 737 378 821 θαλάσσης·
401 739 495 802 ου’δέν
517 737 579 821 γὰρ
602 730 702 812 οὕτως
720 737 907 820 εδφραίνειν
921 729 1002 798 οἶδεν
1025 734 1141 798 ου’δένα
1161 734 1223 798 τόν

123 839 255 922 πόντων,
277 839 425 923 καθάπερ
449 837 652 923 dantemque
672 860 706 902 το
736 831 902 922 φιλητικόν
930 837 987 919 τῆς
1007 837 1117 918 ψυχῆς
1138 831 1224 898 oino-

100 945 176 1016 5θέν
195 942 316 1006 raude
340 938 468 1026 φόσεως
482 937 537 1022 την
560 934 663 1023 ῥοπὴν
683 940 853 1021 exequere·
898 933 1051 1020 δημόσιον
1072 932 1132 1022 γάρ
1151 958 1223 1000 τινα

121 1043 261 1124 βάσανον
282 1043 340 1106 τόν
361 1041 468 1129 κόσμῳ
490 1047 555 1115 τοῖς
578 1042 655 1104 πᾶσι
686 1041 873 1124 προκεῖσθαι
893 1039 1014 1120 γίνεται
1038 1032 1223 1121 πράγματα,

121 1143 266 1226 καθάπερ
288 1128 406 1217 εἴδους,
425 1133 500 1205 ἄνευ
527 1137 605 1225 όλην
622 1137 656 1204 τό
680 1140 859 1220 ου’τόναμον
886 1142 942 1222 τῆς
962 1142 1025 1204 τῶν
1044 1135 1225 1221 α’τθριόποον

122 1245 298 1317 διαθέσεως
319 1243 599 1324 προκαλουμένων,
622 1234 688 1306 οἷόν
702 1264 772 1304 τινα
795 1237 990 1322 δημιουργόν
1006 1239 1061 1302 καί
1080 1239 1225 1322 τεχνίτην

121 1341 197 1426 πρός
219 1344 279 1428 την
303 1345 402 1427 ον’τῆς
422 1343 618 1426 είδοποίησιν
641 1343 694 1406 καί
712 1340 864 1427 μορφήν,Ι
888 1341 940 1403 ἵνα
964 1341 1001 1423 δη
1024 1341 1083 1402 τοῦ
1102 1342 1226 1421 βελτίο-

86 1457 169 1520 ιθνος
190 1439 212 1528 ἢ
231 1449 294 1509 τοῦ
314 1446 460 1529 χείρονος
481 1449 544 1531 σχῇ
574 1441 631 1526 τήν
652 1441 857 1522 ἐπωνυμίαν,
890 1443 943 1505 καί
964 1443 1069 1525 πόσης
1094 1442 1225 1524 βροντῆς

120 1542 416 1630 μεηαλοφωνότεροι
429 1548 492 1628 ’τῆς
510 1550 574 1610 ’τοῖν
595 1547 768 1630 χρωμένων
787 1546 935 1626 γένωνται
959 1543 1093 1626 κήρυκες
1114 1544 1227 1606 διαθέ-

121 1668 198 1721 σεως
216 1643 358 1711 αότόθεν
379 1644 418 1710 τό
437 1649 620 1729 πράγματα.
666 1647 696 1710 εἰ
711 1647 770 1726 μὲν
791 1635 847 1709 σόν
871 1649 925 1708 καί
947 1637 1054 1720 ἄλλοις
1075 1641 1124 1728 εἴη
1146 1643 1227 1725 πρός

122 1747 240 1827 τρόπον
263 1744 299 1812 τό
323 1750 379 1829 τῆς
397 1747 552 1831 ἡμετέρας
572 1749 663 1826 ἕξεως
681 1748 787 1830 τῆέιδε,
807 1749 920 1812 εἰδεῖεν
943 1739 982 1811 όν
1005 1745 1037 1811 οἳ
1056 1746 1135 1820 τινές
1157 1747 1227 1808 ποτ’

123 1838 169 1928 ἄρ’
195 1842 262 1913 εἷεν
282 1849 412 1912 ἐκείνοι·
456 1849 486 1912 εί
506 1851 534 1911 δ’
557 1841 634 1928 σόν,
663 1850 730 1912 ἀλλ’
759 1845 865 1931 ἔμοιγε
895 1847 950 1911 καί
970 1848 1100 1933 σφόδρα
1118 1849 1154 1928 γέ
1177 1865 1226 1909 τοι

88 1946 197 2013 taxata?
222 1947 353 2033 γνώμην
368 1947 470 2014 ὁπόσα
488 1953 543 2034 τῆς
555 1943 695 2015 ιτοιοῖσδε
715 1945 888 2033 μαθήσεως
911 1947 1028 2030 ἔχεται.

14 2031 20 2050 ’
222 2049 295 2114 Καί
306 2052 367 2130 μὲν
379 2051 415 2136 dr}
433 2053 534 2115 ταῦτα
551 2049 719 2128 διεξιόντος
737 2054 830 2132 ἐμοῦ,
844 2049 953 2115 τοιόδε
968 2051 1109 2124 κάκείνας
1123 2048 1261 2134 ephi-5

122 2175 213 2232 μενος
240 2150 378 2240 διεξηέι.Ι
418 2151 519 2240 πόντα
541 2154 600 2231 μὲν
620 2151 760 2235 χαλεπόν
784 2147 822 2216 όν
843 2150 909 2236 εἴη,
931 2157 1020 2240 φησί,
1042 2153 1225 2234 διηγεῖσθαι
1303 2141 1308 2146 “

123 2258 194 2319 καθ’
218 2257 351 2318 ἕκαστον
371 2243 418 2329 ὦς’
436 2251 509 2337 ἔσχε
532 2252 633 2336 τόμό·
658 2254 701 2330 ὥς
721 2255 751 2318 δ’
765 2247 823 2318 σόν
845 2258 878 2319 ἐν
897 2251 1059 2341 κεφαλαίῳ
1079 2253 1227 2328 διεξιέναι

123 2350 158 2417 τό
173 2358 284 2434 πλείω,
308 2358 402 2418 τοῦτο
420 2357 448 2418 δ’
462 2353 519 2418 ode
543 2347 580 2418 όν
594 2356 660 2419 ποτ’
677 2351 928 2439 οίπαγορεόσαηί
944 2351 1050 2431 αότός,
1071 2351 1114 2428 cde
1136 2351 1224 2432 μέλα
1251 2425 1253 2430 ,

86 2447 157 2520 θοόν
176 2456 273 2520 ου’δὲν
298 2455 444 2538 ἐργῶδες.
500 2449 596 2522 οἶσθα
618 2456 699 2540 γάρ’,
723 2453 809 2539 εἴπερ
833 2453 1064 2538 τις-ἀπόντων,
1087 2456 1128 2518 δι’
1150 2445 1225 2537 όσης

124 2555 184 2637 εἠαὶ
207 2560 264 2640 τῆς
287 2555 427 2642 ἐφέσεως
452 2551 528 2641 ἦγον
548 2555 648 2622 πολόν
671 2582 742 2622 τινα
768 2558 869 2621 πόλοι
888 2557 999 2642 χρόνον
1019 2557 1155 2640 ταυτησί
1172 2557 1225 2637 τῆς

126 2659 203 2741 ε’μῆς
221 2655 357 2742 ἔκδημος
369 2664 558 2742 γεγενῆσθαι
571 2661 733 2744 πατρίδος,
754 2658 894 2743 ἱστορίας
908 2683 940 2725 τε
961 2661 1050 2724 ἕνεκα
1072 2652 1224 2744 πραγμό·
1290 2669 1296 2704 ἴ

127 2924 288 2993 evertitque.
325 2924 442 2977 libenter
460 2940 526 2979 vero
546 2926 668 2996 equidem
686 2940 757 2979 nune
776 2939 853 2995 quam
870 2923 984 2976 maxime
1003 2924 1085 2976 otium
1104 2921 1226 2975 omnibus

126 2997 241 3064 negotiis
262 3003 344 3064 atque
363 2997 446 3049 turbis
462 3013 576 3050 vacuum
596 3013 680 3068 agene
695 3013 729 3048 ex
742 3005 769 3049 te
787 2997 944 3060 audiverim,
967 2993 1142 3065 quaeeunque
1160 2993 1225 3046 mihi

127 3069 227 3119 referre
251 3067 322 3119 velie
344 3068 377 3119 de
401 3069 481 3121 rebus
497 3086 606 3138 quarum
631 3071 812 3139 cognitionem
832 3068 880 3120 tibi
891 3068 973 3136 longa
991 3066 1040 3119 illa
1059 3074 1148 3117 terrae
1165 3080 1224 3116 ma.

128 3140 214 3208 niaque
234 3141 419 3208 peregrinatio
435 3142 623 3208 suppeditavit.
661 3140 729 3192 nihil
745 3142 815 3192 enim
834 3155 991 3210 quemquam
1009 3145 1082 3191 tanta
1100 3135 1223 3189 oblecta-

128 3213 198 3262 tione
219 3211 331 3261 afficere
349 3220 439 3279 potest
458 3228 536 3280 quam
560 3215 629 3264 istae
647 3228 709 3275 ree,
739 3228 808 3280 quae
826 3227 873 3264 sua
892 3218 987 3279 sponte
1014 3219 1041 3262 et
1061 3217 1155 3277 suapte
1173 3223 1224 3260 na.

130 3290 184 3332 tura
202 3282 236 3332 ad
255 3282 336 3333 animi
356 3284 442 3334 nostri
471 3284 643 3336 desiderium.
657 3283 787 3336 inclinant
811 3290 890 3352 atque
917 3284 1094 3350 propendent.
1132 3294 1224 3333 omnes

131 3354 195 3404 enim
214 3368 259 3404 ree
278 3353 306 3403 in
325 3355 420 3405 mundo
448 3354 557 3421 publico
579 3356 681 3407 cuidam
709 3357 825 3407 omnium
847 3356 961 3406 examini
982 3353 1119 3406 subiectae
1138 3353 1225 3405 veluti

131 3424 247 3475 informis
271 3427 397 3476 materies
421 3441 495 3478 suam
519 3424 723 3494 dispositionem
745 3425 778 3478 ab
802 3427 961 3477 auctoritate
988 3425 1102 3476 hominio
1122 3431 1224 3492 petunt,

129 3503 156 3548 ut
172 3496 204 3546 ab
232 3509 265 3546 eo
292 3504 416 3564 tunquam
441 3499 543 3550 artidee
567 3504 647 3566 atque
673 3497 771 3564 opifice
791 3498 876 3566 figura
900 3505 980 3566 atque
1009 3497 1093 3548 forma
1116 3496 1225 3547 indutae
1278 3502 1280 3506 '

129 3567 245 3618 melioria
266 3566 312 3618 uei
332 3568 459 3620 deteriori
472 3571 644 3638 seognomina
664 3570 805 3636 accipiant,
828 3577 855 3620 et
872 3570 910 3619 ita
928 3568 1040 3621 vocibus
1059 3568 1130 3619 omni
1149 3568 1225 3618 toni.

127 3645 167 3689 tm
188 3637 348 3691 clarioribus
368 3640 569 3707 dispositionem
587 3640 722 3692 hominum
751 3648 875 3708 tauquam
893 3653 1041 3708 praepones
1059 3639 1224 3705 praedicent.
1319 3666 1323 3672 ·

128 3711 148 3762 ei
168 3712 248 3762 etiam
267 3709 316 3760 alii
336 3713 445 3764 eandem
458 3729 535 3781 quam
553 3728 603 3766 noe
622 3712 816 3780 amplectuntur
837 3713 1005 3775 sententiam,
1024 3726 1069 3764 reu
1086 3710 1155 3762 talea
1175 3723 1226 3761 eo-

127 3788 277 3849 gnomoni,
298 3783 451 3852 quicunque
469 3785 510 3836 illi
530 3793 606 3836 suant:
625 3785 667 3836 ein
685 3785 787 3849 minuo,
813 3791 840 3835 at
861 3783 924 3834 mihi
944 3783 1049 3851 quidem
1068 3797 1145 3852 quam
1166 3797 1226 3832 ma.

128 3855 194 3906 xime
215 3855 349 3905 exanimi
376 3858 509 3908 sententia
535 3861 609 3919 sunt,
630 3871 698 3924 quae
725 3856 758 3907 ad
778 3855 906 3908 eiusmodi
928 3870 1016 3906 rerum
1043 3854 1224 3923 cognitionem

127 3927 271 3992 pertinent.

228 3997 305 4061 Quod
330 4013 408 4064 quum
434 4013 485 4066 ego
504 3999 646 4064 dixissem,
673 3999 750 4050 etiam
776 3997 825 4049 iile
848 3999 885 4049 ita
912 4013 1022 4050 exorsus
1042 4004 1091 4048 eet.
1128 3997 1226 4060 omnia,

127 4069 219 4137 inquit,
239 4067 289 4119 tibi
310 4083 444 4134 enarrare,
463 4071 595 4139 quomodo
615 4072 732 4139 quidque
751 4085 870 4122 meorum
891 4079 951 4122 nese
965 4069 1097 4131 habuerit,
1117 4067 1228 4119 diidciie

128 4148 184 4203 ent3
203 4140 325 4191 breviter
353 4148 440 4192 autem
466 4140 581 4208 plurima
610 4143 808 4210 perstringere,
837 4142 864 4193 id
889 4143 993 4209 quidem
1018 4148 1048 4190 ut
1073 4152 1127 4190 non
1149 4138 1228 4190 valde

129 4225 270 4277 operosum
297 4224 352 4262 non
374 4212 571 4281 abnegaverim.
610 4223 638 4265 tu
658 4214 737 4279 enim,
755 4217 778 4266 oi
797 4214 856 4282 quie
875 4213 958 4277 alius,
979 4212 1023 4264 vel
1044 4211 1156 4262 maxime
1176 4209 1229 4262 sete

131 4290 298 4351 quanta-eqo
318 4284 400 4336 animi
420 4284 559 4338 voluntate
579 4301 612 4338 ex
631 4286 681 4342 hae
700 4301 758 4338 mea
777 4285 863 4353 patria
880 4285 954 4337 abire
972 4284 1081 4352 longum
1098 4279 1229 4351 quondam
