2910 4896
260 341 337 411 oto
405 328 418 338 ‘
564 341 788 412 urcusour
821 335 1052 410 crucem

194 514 250 567 u
261 507 436 572 όόέσποτον
450 499 608 592 πεφυκόσι
631 503 687 571 τόν
700 500 836 588 τρόπονς
860 499 966 588 οόσπερ
981 499 1044 586 γόρ
1064 501 1141 572 ου’όὲ
1154 503 1217 566 τοόν
1236 496 1372 586 οίνθροό-

101 609 116 644 ’
260 633 330 672 πων
344 605 480 687 ον’θεμία
498 629 544 681 τις
566 608 629 670 τοόν
648 605 810 687 ἁπάντων,
831 604 873 681 ὥς
886 601 1023 690 εἴρηται,
1042 594 1119 686 όψις
1147 599 1301 689 α’νόγκην,
1324 593 1372 678 οἷς

261 701 303 774 όν
324 711 359 774 ἐκ
377 711 437 772 τοῦ
460 707 651 792 παρήκοντος
671 710 844 792 γινομίνοις
867 705 936 796 όρρῑ,
959 707 1094 793 μηδαμῇ
1120 703 1229 788 ε’πόγει
1250 704 1370 786 βιαίαν

261 808 424 890 αόόεμίαν,
442 803 631 890 οόταιςῖοόό
652 807 672 892 ἦ
694 809 752 874 τοό
765 809 846 872 θεοό
861 805 922 872 εἴτε
937 805 1116 893 πρόγνωσιν
1138 810 1239 890 λέγειν
1262 801 1371 888 χρειόν

135 932 145 970 ·,
260 909 323 976 εἴτε
336 899 519 994 perdomuit
536 906 596 995 cippi
613 913 816 992 γιγνομένοις,
832 907 870 972 od
881 906 988 991 βίαιον
1001 904 1111 991 ἐπόγει
1123 906 1252 972 αι’όέοιν
1263 906 1395 990 etitem

263 1011 333 1075 οὐδ’
357 1007 474 1095 όνόγκη
496 1012 609 1074 devios*
627 1007 683 1093 τὴν
700 1002 785 1088 ἅπαξ
804 1008 860 1073 ὕπ’
874 1010 973 1074 αότοό
997 1009 1166 1092 δεδομένην
1179 1009 1372 1092 ἐλευθερίαν

262 1122 329 1190 τοῖς
346 1110 540 1196 πράγμασιν.
575 1113 624 1178 ἐπ’
646 1106 717 1195 ἴσης
738 1107 799 1197 γόρ
823 1108 931 1185 όθεός
950 1107 1013 1196 όρᾷ
1033 1106 1071 1175 τό
1094 1106 1243 1192 γινόμενά
1257 1131 1295 1173 τε
1317 1110 1371 1171 καί

261 1215 468 1300 γενησόμενα,
490 1215 546 1277 καί
559 1211 652 1276 onidis
670 1211 793 1291 μᾶλλον
808 1212 896 1298 αότηῖ
914 1209 1001 1295 πὰρό
1016 1205 1151 1293 θότερον
1167 1190 1319 1294 θάτερον,
1338 1211 1370 1273 όν

261 1319 300 1402 ιη’
317 1313 471 1400 ἁπλότητι
493 1317 596 1395 μόνον
608 1313 657 1378 ἐπ’
673 1309 744 1396 ἴσης
765 1309 860 1387 σότός
883 1315 940 1376 τοῦ
953 1316 1109 1398 σφετέρου
1125 1314 1276 1396 διηνεκῶς
1301 1311 1371 1376 ε’νε-

261 1419 394 1493 στοΐτος·
443 1414 498 1480 καί
526 1415 644 1496 όμοίοος
676 1414 729 1479 αἐί
755 1411 790 1477 τό
824 1414 990 1495 δεδομένον
1021 1409 1164 1488 ἑκάστοις
1195 1414 1368 1478 ἐνόιθοοσιν
1378 1423 1406 1477 10

262 1515 478 1596 αόνεξοόσιον.
523 1515 573 1580 όιό
600 1515 655 1580 καί
686 1517 783 1582 otidis
813 1520 947 1598 μᾶλλον,
971 1514 1016 1589 cic
1037 1511 1176 1599 εἴρηται,
1198 1518 1302 1598 φαίης
1326 1503 1365 1578 όν

246 1614 315 1696 ,τόν
335 1615 411 1681 θεὸν
432 1618 571 1702 προορᾶν
594 1640 628 1682 τε
650 1618 706 1682 νἰαί
725 1614 953 1700 προγινοόσκειν
975 1612 997 1700 ἢ
1017 1613 1174 1698 όρόνκαί
1186 1615 1367 1699 γινοόσκειν,

190 1733 201 1748 ”
262 1720 320 1784 τοό
349 1719 500 1800 χρονικοό
529 1717 755 1808 παρῳχηκότος
789 1714 858 1800 ἅμα
892 1721 947 1784 καί
975 1720 1144 1800 μέλλοντος
1171 1716 1223 1782 ἑνί
1250 1739 1287 1801 γε
1325 1716 1368 1803 τῷ

203 1901 206 1907 ¹
265 1818 373 1908 τρόπῳ
394 1821 508 1893 τελέως
530 1815 679 1883 ἐντεῦθεν
711 1821 933 1901 ἐξωθουμένου
959 1819 1015 1884 καί
1037 1816 1150 1902 χώραν
1171 1817 1259 1907 αὐτῷ
1284 1839 1369 1900 προ-

263 1919 424 2006 σήκουσαν
445 1921 600 2002 ου’όεμίαν
622 1915 750 2008 οόόαμῇ
770 1922 1021 2006 ίφευρίσκοντος.
1377 1925 1405 1978 15

199 2027 254 2080 5⁸
371 2023 414 2086 Τί
430 2023 535 2086 τοίνυν
557 2024 590 2096 ἐς
628 2016 663 2084 τό
696 2019 804 2084 dodon
826 2017 923 2096 αότός
951 2021 1139 2108 παρεξόγεις
1160 2017 1200 2085 τό
1222 2023 1280 2086 τοῦ
1306 2045 1369 2084 πα-

267 2120 338 2206 τρός
359 2122 555 2208 ἐγκλήματα,
576 2124 742 2206 σφαλερός
770 2123 913 2196 διανοίας
939 2115 1086 2208 εόφημόν
1113 2145 1185 2186 τινα
1209 2119 1266 2204 τόν
1285 2123 1368 2186 α’πα.
1401 2147 1403 2150 ·

264 2222 409 2312 στροφήν
422 2219 733 2309 α’ντιμηχανοόμενος,
757 2222 814 2287 καί
834 2223 936 2307 λόγοις
956 2222 1128 2307 α’πατηλοίς
1143 2218 1225 2308 πρός
1236 2220 1270 2288 τό
1289 2229 1370 2304 βου-

263 2321 394 2407 λόμενον
417 2321 564 2400 σπεόόεις
590 2312 795 2422 μετατιθέναι
818 2314 862 2388 οἷν
887 2321 946 2406 τόν
969 2323 1099 2389 κόλασιν
1121 2321 1224 2408 ἔργοις
1247 2328 1368 2398 ἐκεῖνος

135 2423 156 2479 f·
169 2424 219 2480 115
231 2440 254 2477 ⁸·
265 2425 376 2512 όφέξει
393 2428 434 2514 τῷ
446 2430 593 2505 βλέποντι
609 2424 664 2490 καί
678 2428 837 2508 κρινοῦντι
849 2426 925 2514 θεῷ.
940 2421 1044 2510 φνγός
1056 2423 1117 2510 γᾶρ
1133 2422 1300 2507 ἐθελοντὴς
1313 2424 1405 2492 τοό20

81 2521 89 2534 “
266 2530 345 2592 θεοῦ
366 2526 518 2610 γεγονιός,
550 2527 606 2590 καί
632 2527 722 2614 πόθιρ
753 2527 950 2612 προσκαίρου
980 2525 1082 2611 τόχης
1109 2525 1163 2590 καί
1192 2523 1284 2610 δόξης
1308 2527 1366 2590 τοῦ

267 2614 488 2713 θείουφοντός
510 2626 632 2693 ε’κείνου
655 2625 868 2715 όπερραιγοός,
898 2629 972 2710 παρ’
1002 2622 1078 2694 όσον
1094 2628 1239 2707 ε’πίόοξον
1261 2618 1365 2708 όνομα
1453 2623 1454 2674 3

266 2725 319 2794 όιό
345 2730 403 2814 γῆς
427 2725 604 2795 ίσποόόοικε
624 2731 784 2814 σπείρειν,
813 2727 901 2813 παραὶ
930 2730 1080 2794 τοοοότον
1110 2720 1223 2806 όόοξον
1243 2727 1365 2810 στόχυν

266 3025 355 3081 futuro
372 3033 433 3080 sunt
446 3025 544 3091 οιυυὶο,
556 3023 688 3095 quomodo
704 3024 777 3077 dicut
790 3024 928 3095 qnisquam
941 3024 1131 3080 deirisioneut
1147 3034 1175 3078 et
1185 3025 1366 3096 cognitionem
1452 3033 1453 3046 ¹

255 3099 348 3160 ,ullum
367 3098 463 3152 efferre
482 3097 723 3151 necessitatene·
744 3113 813 3166 quse
831 3105 893 3150 neto
914 3093 1001 3150 libero
1014 3114 1065 3151 nec
1084 3095 1142 3151 ullo
1162 3099 1296 3152 dominatu
1316 3099 1365 3150 ob-

265 3171 360 3224 stricto
383 3170 476 3223 ordine
495 3169 678 3235 perficiuntur.
715 3177 745 3220 ut
764 3169 832 3221 euim
858 3168 993 3221 hominurn
1013 3170 1129 3222 omnium
1147 3171 1223 3224 nulle
1241 3172 1312 3223 visio
1334 3171 1365 3220 iis

266 3257 335 3310 quoe
353 3243 381 3291 in
400 3240 537 3307 praesenti
556 3241 614 3293 deri
634 3249 797 3306 cernuntur,
824 3241 861 3292 itu
879 3257 931 3293 nec
949 3242 993 3294 dei
1010 3245 1198 3312 praecognitio
1220 3243 1365 3309 sivecog-

264 3313 333 3363 uitio
353 3312 387 3362 iis
407 3326 476 3378 quae
491 3311 557 3362 iiunt
574 3309 656 3363 uilem
673 3328 787 3380 uuquam
806 3313 861 3364 vim
881 3313 958 3364 effert
976 3328 1027 3366 nec
1044 3316 1199 3366 necessitati
1216 3313 1364 3366 libertatem

265 3381 349 3435 semel
369 3382 453 3433 datum
474 3382 590 3434 subiicit.
628 3383 752 3435 similiter
774 3383 843 3435 enim
861 3385 927 3437 deus
952 3400 993 3449 ee,
1013 3401 1081 3454 quae
1100 3386 1167 3438 fiunt
1187 3393 1214 3438 et
1234 3400 1301 3454 quse
1321 3384 1365 3435 iu·
1451 3389 1452 3394 ’

247 3461 325 3518 ἃιυιυ
344 3461 405 3504 suut
424 3455 519 3518 ceruit,
541 3453 617 3505 nullo
636 3455 788 3506 discrimine
807 3456 977 3522 interposito,
997 3459 1095 3525 quippe
1114 3459 1159 3526 qui
1184 3458 1211 3509 in
1236 3454 1365 3522 simplici-

265 3532 320 3577 tate
334 3525 502 3591 praesentiae
522 3541 587 3577 suae
607 3528 734 3578 contiuuo
753 3534 915 3593 permanent.
952 3529 989 3579 its
1004 3530 1082 3580 etium
1095 3528 1247 3581 libertatem
1270 3527 1364 3594 cuique

266 3596 353 3648 dnum
370 3610 503 3664 nunquam
522 3610 576 3648 non
595 3597 728 3648 concedit.
765 3597 875 3661 idcirco,
895 3607 924 3649 ut
941 3599 1006 3664 dixi,
1025 3615 1076 3651 nec
1097 3600 1241 3667 providere
1260 3608 1287 3651 et
1300 3610 1363 3664 pro-

267 3680 433 3734 cognoscere
455 3667 542 3731 deum,
561 3683 638 3736 quem
657 3668 751 3720 videre
771 3675 798 3720 et
817 3683 983 3736 cognoscere
1004 3669 1141 3722 malueris·
1149 3671 1250 3724 dicere.
1287 3682 1364 3738 quum

265 3738 418 3810 praeteritis
438 3737 559 3790 simulet
578 3739 674 3792 futuris
692 3739 738 3808 qui
756 3739 832 3792 locus
850 3741 1002 3795 vindicetur
1020 3741 1111 3795 nuilus
1129 3742 1291 3794 invenietur.

386 3834 455 3898 Quid
489 3836 572 3904 igitur
603 3851 618 3887 n
659 3835 886 3888 criminationibus
917 3846 1018 3903 petrem
1048 3839 1080 3890 sd
1109 3838 1288 3891 innocentiam
1318 3849 1363 3887 re-

266 3921 348 3959 voces
375 3906 478 3959 incerta
503 3907 637 3960 sententie
667 3923 725 3958 cunr
762 3912 819 3958 arie
849 3908 959 3975 quedem
990 3909 1018 3960 in
1052 3918 1123 3962 tuam
1150 3924 1207 3961 rem
1236 3922 1310 3963 verse
1338 3912 1364 3955 et

266 3978 399 4030 rationum
425 3978 519 4032 fraude
551 3979 583 4030 nd
616 3977 780 4030 voluntatem
809 3979 900 4031 studes
933 3987 1035 4032 mutere
1065 3996 1097 4032 es
1124 3981 1222 4049 quibus
1256 3989 1363 4047 poenam

265 4048 315 4100 ilie
345 4050 417 4101 debit
445 4050 495 4102 deo
524 4050 569 4118 q'ui
599 4049 685 4100 cernit
705 4057 731 4100 et
756 4049 892 4102 diiudicet.
936 4053 1033 4104 etenim
1058 4060 1155 4118 sponte
1177 4051 1303 4119 profugus
1321 4046 1363 4098 dei

267 4127 294 4172 et
314 4119 438 4173 fortunae
458 4121 561 4173 inustus
587 4118 746 4189 gloriaeque
772 4121 905 4173 desiderio
924 4123 1035 4188 ductus,
1064 4124 1097 4174 ab
1124 4123 1215 4177 divino
1241 4121 1287 4175 iilo
1304 4119 1361 4170 viro

266 4192 420 4257 seiunctus,
456 4206 534 4261 quam
558 4190 706 4259 gloriosum
731 4205 829 4244 nomen
854 4207 903 4260 per
925 4202 1023 4246 terrem
1051 4209 1143 4247 serere
1172 4194 1287 4257 studuit,
1311 4197 1363 4240 tam

266 4262 442 4340 ingloriosum
466 4277 580 4320 messem
609 4271 741 4338 perpetuo
767 4263 840 4320 iecit.
892 4264 1007 4323 consilio
1041 4279 1148 4342 temper
1179 4265 1314 4322 destitutos
1347 4271 1363 4312 κ
