2952 4902
254 326 325 410 roi
558 342 785 413 uacuruoar
815 345 1048 416 eradonas

250 528 344 588 μενον
364 508 423 572 τοῦ
444 508 532 586 θεοῦ,
553 499 610 572 κᾶν
633 510 758 593 φαῦλον
785 501 990 598 electranni,
1023 504 1151 577 πδντυιν
1170 506 1257 577 ἐστίν
1281 503 1362 596 δρι-

250 631 340 675 ατνν·
383 606 419 671 τδ
445 610 481 674 δὲ
505 605 591 690 παρὰ
612 607 739 694 γναίμην
764 608 819 674 κατ’
848 608 892 694 μη“
916 613 1030 676 δοκοῦν
1049 613 1177 702 ἐκείνην,
1198 605 1258 678 adr
1280 605 1360 697 σ’ἷρι·

251 735 324 779 στον
346 704 428 776 εἶναι
448 710 636 795 νομίζηται,
661 714 787 778 πάντων
815 710 885 780 ἐστί
905 712 1105 800 φαυλότατον
1136 717 1191 778 καί
1212 739 1362 797 παρανο-

250 813 405 897 μώτατον.
456 805 513 878 νῦν
536 814 678 902 φονεῦση
701 837 749 890 τις
779 811 856 879 nard
890 813 1017 897 γνιδμην
1041 816 1099 880 τοῦ
1125 818 1217 896 θεοῦ,
1237 823 1360 902 φιλαν-

250 918 398 998 θρωπίας
420 915 530 1000 [udone
558 919 691 998 βελτίων
726 914 880 1002 ῦφόνος·
931 909 989 979 νῦν
1017 918 1169 1002 φείσηταί
1190 940 1237 992 τις
1266 917 1386 1002 παράἐ

250 1015 286 1084 τὸ
307 1019 422 1083 δοκοῦν
455 1017 582 1107 ἐκείνην,
611 1016 712 1104 φόνου
741 1014 860 1095 παντὸς
889 1017 1085 1099 δνοστοντέρα
1111 1007 1225 1099 γένοιτ’
1257 1013 1297 1083 δν
1337 1017 1357 1102 ἦ

254 1114 365 1204 proed.
409 1117 450 1182 οῦ
473 1120 534 1202 γὰρ
569 1119 588 1203 ἦ
619 1119 718 1204 φύσις
740 1123 802 1184 τιῦν
822 1120 1017 1204 πραγμάτων
1046 1118 1114 1182 ἀλλ’
1137 1115 1171 1184 οἱ
1194 1123 1251 1183 τοῦ
1274 1123 1358 1186 θεοῦ

253 1225 359 1308 ψῆφοι
382 1220 459 1288 aoid
485 1223 541 1286 κατ’
560 1222 670 1307 φαῦλα
694 1224 783 1286 ταῦτ’
804 1214 887 1286 εἶναι
909 1221 1066 1284 ποιοῦσιν.
1117 1214 1224 1301 οἵσπερ
1248 1223 1279 1284 δ’
1302 1222 1358 1288 ἐκ.

251 1327 355 1403 είνοις,
376 1323 483 1408 φησίν,
508 1323 700 1404 ἐγκαλοῦμεν
722 1318 772 1388 δτι
794 1324 1049 1405 παρανομοῦσιν,
1071 1314 1153 1384 οὕτω
1174 1319 1230 1384 καί
1249 1327 1358 1410 πολλῷ

249 1427 369 1505 μᾶλλον
398 1424 475 1506 ῦμίν
508 1420 556 1488 ὅτι
586 1432 652 1499 τοῖς
685 1426 908 1508 παρανομοῦσι
938 1425 1141 1504 συνέρχεσθε.
1196 1425 1252 1487 καί
1281 1422 1361 1506 σῦχέ
1369 1427 1402 1482 10

250 1534 315 1600 τοῖς
335 1530 545 1608 συντρέχουσι
563 1525 679 1605 μόνον,
704 1523 784 1590 ἄλλα
809 1524 863 1589 καί
883 1533 948 1598 τοϊς
977 1526 1098 1603 κυρίοις
1116 1527 1175 1605 μὲν
1197 1517 1270 1589 odos
1290 1551 1357 1590 κω.

252 1631 358 1708 λῦσαι,
381 1623 426 1710 μη
446 1629 650 1707 βουλομένοις
672 1629 717 1692 δέ.
776 1626 807 1690 εἰ
826 1626 885 1708 γὰρ
911 1625 956 1702 εἰς
990 1625 1125 1706 θέατρον
1151 1626 1209 1688 σῦκ
1231 1623 1358 1710 ἐπιτρέ.

252 1750 350 1807 πσμεν
384 1728 551 1807 ἐπελθεῖν,
580 1734 684 1818 πολλῷ
711 1729 831 1809 μᾶλλον
861 1724 914 1794 ἐπὶ
942 1726 1125 1808 συναγωγῆς
1158 1728 1250 1791 τοῦτο
1283 1727 1354 1811 χρη

252 1834 369 1892 ποιεῖν·
419 1830 538 1911 μείζων
559 1829 619 1912 γὰρ
644 1831 825 1912 παρανομία
863 1831 981 1913 ἐκείνης
1009 1821 1114 1912 αῦτη,
1139 1821 1187 1892 δτι
1212 1829 1281 1894 ἐκεῖ
1296 1834 1359 1910 μὲν

216 1943 241 1994 5
254 1925 396 2010 ἇμαρτία
413 1927 447 1994 sd
472 1930 648 2012 γινόμενον,
668 1931 811 1994 ἐνταῦθα
835 1930 863 1992 δ’
883 1927 1045 2008 deifluo?
1086 1927 1162 2018 ὁρᾷς
1183 1925 1225 2003 οἷς
1247 1927 1302 1994 καί
1320 1916 1355 1993 ro
1368 1935 1399 1988 15
1463 1917 1464 1932 ἶ

253 2029 396 2114 χρηστὸν
417 2033 516 2096 ἐνίοτε
552 2033 649 2111 δόξαν
673 2025 754 2096 εἶναι
776 2027 873 2092 κακὸν
904 2025 966 2092 dud
993 2034 1050 2093 τοῦ
1071 2031 1162 2095 θείου
1181 2032 1275 2096 τοῦδε
1296 2029 1358 2093 οἷν-
1463 2047 1464 2092 3

255 2132 330 2216 δρὸς
353 2131 548 2216 ἐπεδείχθη,
576 2132 632 2198 καί
661 2127 738 2216 door
769 2133 916 2196 ἐντεῦθεν
944 2135 1060 2208 ἐκείνας
1095 2131 1151 2216 την
1172 2119 1363 2214 ἐπιτίμησιν

254 2238 294 2323 τῇ
315 2236 377 2300 τῶν
400 2231 590 2318 ἑτεροδόξων
610 2238 755 2326 κοινωνίην
775 2233 974 2317 προσσὶτιτεις
1006 2227 1027 2297 δι’
1049 2231 1109 2318 γάρ
1131 2257 1177 2308 τις
1197 2228 1355 2297 δεσπότου

128 2335 501 2417 ί.125ι.προστῦττσντος
531 2338 611 2419 δρῦν
634 2330 745 2419 ἥκιστα
768 2340 846 2424 δρᾷ,
882 2333 1002 2400 τούτων
1025 2334 1183 2420 τιμωρίαν
1205 2337 1229 2374 ‘¹
1250 2337 1356 2399 τίννυ-
1463 2415 1464 2422 ¹

256 2459 307 2500 σιν
330 2430 458 2510 εἰκότως
480 2434 576 2512 αῦτός
598 2435 614 2500 ὅ
636 2433 678 2521 pap*
704 2441 800 2519 δρῶν,
821 2440 876 2502 καί
908 2438 938 2502 εἰ
957 2437 1001 2521 μὴ
1026 2435 1121 2500 κακὸν
1144 2432 1291 2522 ἀπαντῴη
1316 2429 1397 2500 vdeo

256 2539 374 2620 πέρας·
417 2542 472 2600 καί
493 2540 676 2602 τούναντίον
698 2531 811 2614 αὖθις·
871 2541 909 2602 oo’
929 2535 989 2621 γὰρ
1013 2548 1079 2614 τοῖς
1099 2540 1161 2602 τῶν
1183 2538 1353 2619 δρωμένων

255 2640 389 2720 αέρασιν
410 2635 493 2712 είκὸς
516 2639 703 2705 cartovoro
735 2641 791 2725 τὴν
819 2644 877 2706 τοῦ
898 2642 1056 2722 κρίνοντος
1075 2639 1262 2723 α’πόφασιν,
1285 2637 1352 2700 ἀλλ’

256 2935 325 2992 quae
352 2920 379 2972 in
398 2919 484 2973 oculis
503 2931 564 2975 sunt
583 2923 722 2991 respicere
746 2937 796 2975 aas
818 2929 933 2989 oportet,
955 2921 1002 2974 sed
1022 2921 1101 2972 ctiam
1120 2921 1239 2974 rationes
1258 2921 1350 2989 inqui-

258 3009 319 3046 rere
339 3007 407 3060 quae
432 2991 473 3046 his
493 2994 630 3047 subiectae
649 2993 711 3047 sint.
749 2995 789 3046 sic
810 2994 875 3045 dicit
893 3009 990 3045 aureus
1012 2993 1126 3060 scriptor
1146 2991 1271 3044 loannes.
1291 3007 1350 3044 nam

256 3080 431 3135 quaecunque
452 3068 596 3118 secundum
614 3066 658 3117 dei
677 3065 743 3116 fiunt
764 3063 938 3130 voluntatem,
959 3063 1025 3116 licet
1043 3063 1120 3116 nobie
1132 3078 1216 3132 prave
1237 3064 1350 3117 videan-

254 3147 297 3190 tur
314 3145 403 3189 tamen
425 3144 486 3188 sunt
504 3137 611 3203 optima.
634 3151 702 3204 quae
723 3150 788 3187 vero
809 3144 902 3187 contra
922 3136 965 3187 dei
984 3135 1051 3187 fiunt
1072 3135 1237 3188 voluntatem
1248 3135 1349 3187 etiamsi

255 3209 354 3276 optima
378 3206 517 3270 habentur,
538 3207 653 3258 omnium
673 3209 787 3273 pessima
804 3215 866 3259 suut
886 3215 911 3258 et
932 3207 1099 3275 pravissima.
1135 3209 1227 3275 itaque
1249 3207 1349 3275 siquis

254 3277 434 3333 deoiubente
456 3280 605 3345 quempiam
627 3279 752 3343 trucidet,
774 3279 799 3330 id
818 3279 914 3332 melius
934 3287 976 3331 est
986 3279 1088 3347 quamsi
1097 3294 1155 3330 eum
1177 3293 1267 3330 amore
1285 3292 1350 3346 pro-

229 3366 233 3376 ·
255 3357 396 3418 sequatur3
418 3356 445 3400 et
463 3349 485 3400 si
506 3351 564 3418 quis
591 3357 681 3417 percat
701 3352 814 3418 cuipiam
836 3351 886 3402 deo
907 3359 1037 3414 vetante,
1070 3351 1096 3401 id
1115 3351 1192 3417 peius
1213 3357 1253 3401 est
1273 3365 1349 3418 quara

254 3424 278 3474 si
298 3420 408 3474 caedem
432 3430 577 3487 perpetret.
621 3437 710 3489 neque
737 3424 807 3474 eninr
828 3424 934 3489 specics
953 3422 1076 3474 bonaene
1098 3423 1151 3480 siut
1172 3437 1216 3473 res
1233 3437 1267 3474 an
1287 3436 1350 3488 pra-

254 3509 315 3557 vae,
337 3492 384 3543 ssd
402 3507 471 3559 quae
492 3493 520 3544 in
540 3494 573 3546 iis
591 3493 634 3546 dei
653 3492 778 3546 voluntas
797 3501 933 3562 appareat,
955 3494 1062 3545 indicat.
1084 3502 1113 3545 ut
1134 3507 1200 3546 vero
1214 3508 1263 3546 nos
1284 3493 1351 3544 istas

255 3563 325 3635 quod
353 3564 499 3616 doctrinam
531 3565 641 3618 laedunt
658 3565 695 3616 ita
713 3565 758 3617 vel
784 3567 867 3618 multo
894 3566 980 3633 magis
1007 3566 1174 3633 increpamus
1195 3579 1262 3629 vos,
1282 3564 1352 3633 quod

255 3653 314 3691 cum
338 3635 490 3689 infidelibus
515 3637 671 3690 societatem
692 3637 789 3690 facitis.
836 3652 925 3707 neque
946 3645 1034 3688 taroeu
1055 3651 1101 3688 eos
1119 3644 1221 3688 tautum
1240 3637 1285 3704 qui
1304 3650 1352 3687 sc.

255 3711 378 3761 cietatem
409 3706 511 3759 faciunt
538 3710 705 3776 increpamus
733 3711 779 3761 sed
799 3709 877 3762 etism
896 3723 963 3777 quos
983 3708 1128 3774 prohibere
1146 3723 1228 3774 posse
1246 3707 1352 3775 quidem

254 3781 361 3844 scimus,
383 3795 435 3830 nec
455 3794 520 3831 vero
539 3780 628 3844 velle3
648 3790 675 3834 et
692 3782 714 3831 si
734 3781 905 3849 frequentare
924 3779 1055 3832 theatrum
1074 3787 1205 3844 vetamus,
1224 3779 1252 3830 id
1268 3777 1351 3830 multo

254 3853 339 3920 magis
363 3865 412 3902 nos
439 3859 545 3918 oportet
572 3859 703 3915 vetemus,
726 3854 796 3920 quod
814 3853 846 3903 ad
866 3866 1029 3921 synagogam
1050 3854 1156 3904 attinet.
1192 3865 1254 3902 nam
1272 3849 1351 3901 huius

254 3924 377 3990 impietas
405 3925 489 3975 maior
513 3925 685 3991 conspicitur.
729 3939 825 3990 nempe
850 3922 908 3976 illic
927 3938 995 3992 quae
1013 3931 1127 3990 aguntur
1146 3921 1267 3990 improba
1282 3928 1352 3984 suat,

255 3995 299 4046 hie
319 4003 406 4046 autem
428 4011 494 4047 vere
518 3997 625 4062 impia.“
665 3996 741 4048 vides
764 3997 845 4063 igitur
864 3995 1081 4065 quemadmodum
1100 4009 1168 4063 quae
1191 3995 1262 4045 iusta
1279 4007 1352 4045 uon-

253 4081 387 4134 nunquam
413 4067 553 4119 videantur
573 4069 616 4120 vir
633 4066 681 4119 ille
710 4069 891 4118 sanctissimus
911 4081 993 4132 prava
1021 4081 1081 4118 esse
1096 4068 1182 4130 dicat,
1212 4073 1239 4116 et
1262 4080 1349 4133 queu-

255 4147 350 4204 topere
378 4137 421 4190 hic
442 4153 488 4191 eos
510 4140 633 4206 increpet
652 4139 698 4208 qui
724 4153 782 4190 cum
809 4139 960 4190 infidelibus
986 4137 1093 4190 saciant.
1137 4139 1228 4205 itaque
1251 4137 1352 4205 siquis

256 4210 356 4262 domiai
388 4210 554 4262 volantatem
577 4225 631 4262 non
662 4212 784 4280 exegerit
809 4209 877 4261 hanc
897 4210 930 4262 ob
951 4225 1055 4261 censam
1082 4223 1183 4276 poenas
1203 4207 1276 4260 dabit
1295 4208 1354 4260 sive

257 4279 324 4336 nihil
357 4271 434 4338 illinc
460 4280 523 4342 mali
549 4282 645 4338 exierit
671 4283 731 4336 sive
756 4283 916 4336 contrarium
936 4281 1073 4336 occiderit.
1115 4293 1175 4334 asan
1193 4293 1247 4334 noo
1268 4277 1354 4348 qualis
