2992 4918
265 367 493 436 nisuoaian
521 369 778 436 armannus
797 372 893 438 rav.
916 353 984 439 tt.
1003 351 1070 437 18.
1163 352 1215 438 to

107 546 208 629 ἧτῶν
230 546 387 627 Εὐβοέων
408 547 585 611 α’νέστειλεν
601 548 748 630 α’σχολίο,
772 549 868 631 πολληΙ
881 573 928 622 τις
952 541 1033 612 caluo
1054 549 1110 612 καί
1133 541 1215 631 αύτη

106 649 159 710 καί
179 645 274 727 μύλα
298 647 339 727 γε’
350 671 379 710 τι
404 649 703 732 κατεσπουδασμένῃ
726 647 805 734 πρὸς
829 639 936 713 δπλων
952 649 1007 711 καέ
1025 646 1132 733 μα’χης
1151 671 1217 710 πα-

108 748 286 831 ρασκευήν·
345 753 472 829 μέλλειν
495 746 555 832 γὰρ
582 751 605 788 “
636 743 709 814 ὅσον
740 749 867 813 ούδέπω
896 747 985 830 λόγος
1005 741 1043 830 ἧν
1064 748 1246 828 πολεμίαςέ.
1266 753 1354 810 tota.

108 849 139 911 ἐκ
150 849 180 910 Γ
179 847 318 924 εννούας
339 851 388 914 ἐπ’
410 847 530 924 αύτούς
548 850 777 916 καταπλεύσειν
796 847 945 934 τριήρεις.
990 843 1066 913 ὅθεν
1082 845 1115 913 ἐν
1134 852 1218 932 βρο-

84 957 159 1030 ῦχεῖ
174 946 233 1031 τήν
255 952 357 1033 νῆσον
385 951 505 1033 ἐκείνην
535 952 639 1016 ἐλθών
662 955 716 1014 καί
743 949 979 1036 περισκοπήσας
1002 945 1140 1029 ἅπασαν,
1163 948 1219 1014 καί

106 1047 159 1124 τύς
176 1047 302 1136 ἐκείνης
317 1045 392 1116 ὅσον
408 1054 481 1135 ἐξῆν
495 1049 662 1136 ἱστορήσας
674 1043 793 1130 πόλεις,
808 1042 882 1134 ἧκον
894 1051 948 1116 ἐπί
960 1049 992 1115 τέ
1009 1053 1216 1134 Ἀρτεμιλιιον,

105 1150 229 1233 βόρειον
252 1145 356 1235 ἄκρον
380 1153 528 1233 Εύέλοιάς.
571 1154 719 1216 κδκεϊθεν
742 1144 839 1226 αὖθις
861 1145 1033 1235 dissipandus
1057 1148 1218 1234 βουλόμε-

106 1273 156 1314 νον
184 1255 329 1335 ἐπέσχεν
359 1256 510 1338 ἐξαίφνης
542 1253 559 1336 η’
584 1256 646 1318 τοῖν
674 1254 830 1332 πολεμίων
848 1246 1092 1316 καταπλεύσασιν
1116 1253 1216 1318 δύνα-

105 1376 165 1430 μις.
188 1352 343 1437 τριήρεις
365 1351 424 1436 χύρ
442 1356 472 1417 Γ
470 1357 659 1420 εννοοιτικαί
680 1355 966 1436 τεσσαρεσκαίδεκα
987 1353 1135 1435 λήγοντος
1156 1354 1215 1416 δέ-

70 1463 98 1518 10
107 1477 180 1536 ρους
203 1447 374 1540 ὤφθησαν
393 1454 447 1538 την
472 1455 625 1537 ταχίστην
657 1457 689 1530 ἐς
712 1453 855 1538 Ὠρωπόν
875 1452 929 1516 καί
953 1454 1083 1518 Αύλίδα
1105 1455 1214 1518 καταί.

107 1576 232 1637 ρονσαι.
283 1551 404 1635 μεταξύ
426 1552 487 1638 γὰρ
510 1563 581 1618 ταῖν
604 1557 694 1619 δυοῖν
716 1553 849 1619 ταύταιν
877 1559 1068 1638 νοτιωτέρον
1089 1554 1145 1637 την
1160 1557 1218 1619 δέ-

107 1677 155 1718 οιν
175 1657 334 1738 ἐχουσῶν
365 1653 676 1720 easaetenatone
710 1655 863 1740 ἐπιμήκης
886 1657 996 1739 λιμήν,
1020 1659 1125 1722 πᾶσαν
1145 1655 1220 1722 α’νέ-

107 1780 173 1833 μων
200 1757 379 1840 χλευάζων
406 1757 512 1838 βίαιον
535 1760 673 1843 κίνησιν,
704 1761 736 1832 ἐς
774 1753 810 1821 ἐν
832 1759 951 1844 α’ρτίως
974 1753 1167 1823 ἐσίπλευοαν
1189 1755 1219 1823 ολ

108 1860 270 1938 πολέμιοι.
315 1860 371 1921 καί
392 1853 461 1937 ἅμα
482 1858 512 1933 ἐς
536 1851 784 1942 την-ύύτεραιάν
798 1863 950 1947 τέσσαρες
972 1862 1027 1924 καί
1047 1861 1218 1942 τριάκοντα

72 1960 255 2045 15τριήρεις
279 1961 463 2039 Βενετικαί,
492 1960 548 2034 τὰς
578 1965 731 2041 πολεμίας
757 1957 881 2035 ἐκείνας
906 1964 940 2023 ἐκ
962 1963 1082 2024 πολλοῦ
1101 1967 1220 2026 ναυλο-

107 2064 257 2145 χούσαι,
281 2061 478 2128 ἐπέπλευσαν
499 2084 532 2126 τε
567 2064 621 2125 καί
640 2059 675 2125 τύ
712 2065 770 2126 τού
791 2065 914 2142 λιμένος
942 2061 1084 2148 ἔφραξαν
1103 2062 1217 2146 στόμα.

109 2173 169 2231 τῶν
196 2157 262 2229 ούν
285 2165 316 2228 Γ
314 2166 514 2227 εννουιτικῶν
534 2165 614 2226 νεῶν
650 2159 692 2238 ύς
716 2165 749 2227 ἐν
778 2165 893 2253 δικτύῳ
926 2164 1012 2248 παρὰ
1037 2162 1132 2241 δόξαν
1156 2156 1218 2248 ἤδη

110 2267 407 2350 συγκλεισθειστδν,
436 2261 469 2328 ui
502 2267 561 2344 μὲν
593 2265 745 2348 τέσσαρες
778 2261 879 2339 εύθύς
905 2261 1149 2329 α’νοπετύσαοαι
1177 2261 1216 2327 τύ

112 2364 218 2450 ἱστία,
243 2367 300 2429 κατ’
326 2365 470 2449 καθάπερ
496 2367 529 2430 ἐν
552 2365 660 2446 κύβοις
683 2367 740 2430 τού
768 2369 952 2452 προφανοῦς
975 2363 1029 2429 τὸν
1051 2350 1221 2453 ἀμφιβαλ-

75 2469 251 2551 λθλόμενον
282 2468 496 2547 α’νθελόμεναί
519 2491 550 2532 τε
582 2472 637 2532 καί
671 2469 893 2552 α’ναρρίψασαι
920 2469 1079 2554 κίνδυνον,
1102 2465 1220 2533 ἔλαθον

116 2568 241 2636 ούτοοσέ
269 2569 304 2634 τύ
339 2573 488 2650 πολέμιον
520 2569 693 2652 ἐιαδρᾶσαι
720 2571 829 2655 ξίφος·
880 2570 937 2644 τύς
958 2594 993 2652 γε
1013 2568 1077 2655 μην
1100 2569 1221 2634 ἐπιλοί-

116 2691 209 2751 πους,
231 2668 315 2754 πλὴν
337 2670 448 2753 ὀλίγων
464 2669 590 2754 ἀνδρῶν
611 2673 643 2746 ἐς
664 2668 719 2754 τὴν
731 2672 848 2752 χέρσον
862 2664 1133 2755 ἐκπεπηδηκύτων,
1157 2669 1220 2733 αδ-

116 2768 278 2859 τύνδρους
309 2768 435 2845 ἁπάσας
467 2765 548 2838 εἷλον
585 2771 659 2856 πρίν
693 2764 787 2856 εἷρξαι
808 2774 927 2857 χειροῖν
946 2773 1002 2836 καί
1022 2775 1218 2856 ναυμαχίαις.

121 3069 281 3124 commorari
301 3069 507 3136 constituissem,
526 3084 656 3123 armorum
677 3069 798 3140 bellique
817 3075 954 3137 apparatu,
973 3068 1001 3118 iu
1020 3081 1099 3137 quem
1118 3079 1219 3120 summo

17 3189 18 3196 ,
121 3144 210 3196 studio
230 3149 312 3210 atque
333 3141 471 3192 alacritate
491 3144 569 3193 etiam
577 3141 751 3196 Euboeenses
770 3140 956 3205 incubuerunt,
977 3155 992 3191 a
1012 3139 1149 3208 proposito
1168 3139 1219 3192 de.

121 3214 253 3267 terrebar.
293 3213 363 3264 lama
383 3214 452 3284 enim
472 3221 546 3278 erat,
566 3216 669 3265 iamiam
689 3215 811 3266 triremes
835 3229 868 3264 ex
890 3213 981 3264 Genua
1000 3212 1099 3264 infesto
1118 3213 1220 3279 impetu

121 3288 148 3338 in
168 3301 216 3338 cos
235 3285 410 3351 navigaturus
431 3299 499 3336 esse.
538 3301 620 3353 quare
638 3286 716 3337 brevi
735 3293 856 3350 tempore
875 3292 931 3336 tota
950 3284 1037 3335 insula
1056 3282 1218 3351 perlustrata

123 3366 148 3408 ct
165 3356 287 3420 urbibus,
308 3365 433 3424 quantum
454 3357 512 3407 lieri
531 3359 630 3423 potuit,
646 3357 751 3420 invisis,
773 3356 805 3407 ad
818 3357 998 3419 Artemisium,
1012 3355 1138 3407 Euboeae
1151 3369 1218 3421 pro.

122 3429 284 3481 montorium
303 3427 541 3495 septemtrionale,
574 3428 710 3495 profectus
729 3443 795 3480 sum.
840 3427 910 3479 unde
936 3443 1015 3495 quum
1033 3428 1085 3478 iam
1103 3426 1217 3495 provebi

122 3501 234 3564 vellem,
256 3498 350 3551 classis
370 3500 483 3552 bostium
504 3499 622 3551 decurrit
639 3514 735 3567 meque
754 3515 769 3552 a
787 3500 956 3566 profectione
975 3497 1120 3565 prohibuit.
1166 3499 1218 3550 tri.

123 3588 208 3624 remes
232 3571 303 3621 enim
322 3570 477 3624 Genuenses
503 3572 711 3637 quattuordecim
737 3569 877 3622 celerrimo
900 3586 978 3623 cursu
1003 3571 1036 3621 ad
1057 3569 1173 3636 Oropum
1193 3577 1221 3621 et

123 3643 248 3698 Aulidem
268 3642 439 3709 appellentes
458 3642 508 3694 sub
527 3643 606 3695 linem
624 3644 733 3696 aestatis
759 3641 1001 3709 conspiciebantur.
1048 3643 1119 3693 inter
1140 3640 1221 3694 busco

124 3719 194 3770 enim
214 3713 296 3766 urbes
326 3715 407 3782 paulo
436 3714 573 3766 meridiem
596 3730 690 3767 versus
716 3715 780 3767 sitas
804 3721 896 3779 portus
922 3722 963 3766 est
991 3712 1144 3780 oblongus,
1177 3713 1223 3784 qui

125 3801 315 3858 quamcunque
333 3787 499 3854 tempestatis
519 3785 563 3837 vel
583 3785 829 3838 turbulentissimae
849 3786 902 3838 sim
927 3785 1089 3846 contemnit;
1108 3786 1136 3836 in
1164 3799 1223 3836 eum

123 3861 205 3931 igitur
226 3858 307 3909 modo
327 3857 419 3911 hostes
437 3858 538 3908 invecti
559 3866 643 3909 erant.
669 3866 778 3926 postero
800 3866 887 3909 autem
907 3857 951 3908 die
969 3857 1078 3924 triginta
1097 3864 1224 3925 quattuor

124 3935 246 3988 triremes
254 3928 377 3981 Venetae
395 3931 447 3981 iam
465 3929 511 3981 diu
521 3929 662 3982 insidiatus
678 3929 734 3980 illis
752 3927 867 3980 hostium
884 3928 997 3992 navibus
1008 3929 1138 3981 adrectae
1157 3942 1224 3995 por.

124 4013 164 4056 tus
187 4000 313 4054 faucibus
334 4000 487 4052 interclusis
504 3999 659 4054 Genuiticas
680 4015 765 4052 naves
783 4001 945 4067 necopinato
965 4001 1040 4068 quasi
1057 4000 1109 4050 reti
1129 4001 1224 4050 cinxe-

124 4082 191 4128 runt
238 4089 273 4126 ex
292 4071 389 4139 quibus
406 4079 530 4141 quattuor
546 4088 630 4139 naves
648 4073 736 4124 statim
749 4071 819 4124 velis
838 4074 931 4139 passis,
951 4072 1026 4138 quasi
1045 4070 1163 4124 alearum
1181 4073 1224 4121 ia.

127 4147 179 4200 ctui
198 4161 229 4197 re
249 4145 393 4196 commissa
412 4152 505 4210 aperto
524 4143 646 4212 periculo
672 4143 778 4196 dubium
805 4142 1003 4210 praeferentes,
1029 4142 1143 4194 bostium
1162 4141 1226 4210 gla-

127 4219 199 4272 dium
221 4215 462 4282 subterlugerunt3
482 4214 599 4284 reliquas
618 4223 705 4268 autem
735 4229 818 4266 naves
842 4217 934 4282 paucis
965 4214 1102 4281 exceptis,
1128 4214 1173 4280 qui
1197 4211 1226 4261 ln

128 4290 315 4344 continentem
336 4287 513 4353 exsiluerunt,
534 4301 625 4340 omnes
646 4302 704 4340 cum
724 4286 874 4340 bominibus
887 4285 983 4338 Veneti
1002 4289 1131 4352 ceperunt
1147 4293 1225 4336 mauu
