2910 4896
237 317 311 394 τεν
536 317 762 388 urcarrrorn
793 317 1024 390 crecopia

236 511 301 569 orn,
322 481 342 572 ἢ
363 483 410 562 τίς
429 473 469 548 ἀν
488 480 569 566 ’ἔχει
598 482 691 568 χώρα
718 482 774 550 καί
791 485 886 568 χρεία
913 476 1091 568 βαρβάροις
1120 485 1233 570 φέρειν
1256 477 1340 546 ῦπό-
1449 497 1450 540 t

236 591 351 672 δειγμα
371 583 450 669 πρός
467 586 618 650 πίστωσιν
652 586 715 649 τών
735 584 822 672 crispi
849 588 1025 668 λεγομένων
1054 584 1092 651 τά
1114 591 1172 650 τοῦ
1192 586 1338 668 Χριστοῦ

235 687 426 774 παθήματα.
470 686 758 772 προσπαραγράφει
785 687 813 750 δ’
833 678 902 768 ἑξῆς
922 685 977 750 καί
995 684 1069 769 περί
1091 689 1154 751 τών
1176 686 1245 750 ε’κεῖ
1263 709 1339 768 χρι-

236 791 383 866 στιανῦν,
406 781 492 862 όπως
512 785 666 862 λαθόντες
687 783 721 863 ἐξ
747 787 895 870 ἀπειρίας
917 787 1057 864 ἐπαίνοις
1079 786 1243 872 ε’ξαίρονσι
1264 792 1339 855 τοῦ·

236 914 306 976 τον,
330 884 429 968 διότι,
450 891 574 974 φασίν,
609 887 821 972 ἀποκηρύττει
851 888 926 963 τοῦς
956 891 1002 965 είς
1035 889 1261 970 ὑπερκειμένας
1284 895 1362 966 κοίη
1450 887 1451 960 3

235 987 412 1080 ἀφειμένας
430 992 582 1072 ἀπείρους
602 985 756 1073 θεότητος
776 988 830 1054 τόν
852 987 908 1054 ἕνα
923 975 1000 1053 θεδν
1026 992 1149 1070 ἀσεβεῖς
1172 993 1339 1073 διαιροῦν·
1450 977 1451 1008 ¹

169 1106 318 1168 14τας.,
343 1095 399 1156 καί
419 1089 464 1175 μη
489 1092 705 1172 ἀποδέχεσθαι
726 1092 786 1168 μέν
808 1114 885 1176 φησι
912 1089 969 1175 τη“ν
988 1093 1050 1154 τών
1073 1093 1211 1156 ἐπαίνων
1232 1094 1338 1156 αίτιάν

235 1194 279 1270 οῦς
301 1193 387 1282 cirri
407 1217 442 1277 γε
466 1185 659 1274 ἀλυσιτελῆ,
682 1184 765 1270 ὅμως
787 1195 845 1254 τοῦ
865 1194 980 1273 καιροῦ
1000 1214 1033 1256 τε
1065 1194 1120 1255 καί
1140 1194 1196 1274 τῆς
1222 1195 1338 1275 χρείας

235 1300 335 1381 ἓνεκα,
355 1297 411 1361 τοῦ
430 1295 606 1372 σιτίζεσθαι
641 1291 722 1372 πρός
745 1295 853 1356 ον’τῦν
876 1286 1017 1377 δηλαδη,
1039 1295 1164 1358 σιωπᾶν
1184 1288 1338 1358 ε’παινοῦ-
1451 1357 1452 1364 ,

234 1419 327 1480 μενος
349 1397 458 1480 α’ξίοος
480 1391 621 1475 κατάρας
642 1389 803 1468 ἒπαίνονς·
845 1393 900 1457 τόν
918 1393 978 1476 γάρ
998 1397 1060 1458 τών
1080 1393 1222 1474 εῦσεβών
1243 1388 1378 1471 ἕπον-χρ
1451 1383 1452 1392 ³

236 1523 288 1564 νον
312 1495 527 1580 ἀπατηθέντος
562 1496 723 1568 ἀνοικείως
750 1494 875 1557 ἐδίδουν
912 1493 1017 1580 αὐτῷ,
1050 1493 1250 1576 ε’παρώμενσι
1279 1497 1337 1574 μὲν

236 1599 337 1663 αῦτοῦ
363 1599 402 1684 τῇ
431 1594 585 1683 πολνθείηι
609 1595 735 1672 ε’κεῑνοι,
756 1595 942 1678 ἀγνοοῦντες
965 1599 994 1658 δ’
1015 1591 1058 1670 ώς
1090 1593 1183 1669 αὐτός
1204 1591 1292 1660 ε’στιν
1313 1583 1337 1683 ᾧ
1452 1665 1453 1670 1

236 1700 427 1780 ε’παροῦνται.
485 1689 569 1760 οότω
594 1692 754 1770 πολῦπονς
782 1701 830 1770 τίς
852 1697 936 1760 ε’στιν
965 1693 1199 1782 όκατάρατος,
1224 1698 1281 1760 κατ’
1303 1697 1336 1761 τό
1452 1673 1453 1766 3

114 1837 124 1873 ,-
233 1802 351 1884 χρώμα
374 1798 431 1882 τῆς
452 1797 577 1881 γνώμης
598 1789 735 1869 όστατος
762 1795 818 1862 καί
850 1798 1023 1880 ἀβέβαιος·
1067 1801 1120 1861 καί
1139 1807 1206 1872 τοῖς
1229 1789 1337 1863 ἄλλοτ’
1452 1789 1453 1796 ¹

236 1889 344 1975 ἀλλοις
370 1906 491 1983 καιροῖς
512 1920 546 1962 τε
570 1902 625 1962 καί
648 1897 812 1980 πράγμασι
826 1896 1070 1984 προσφνόμενος
1091 1898 1169 1980 πρός
1192 1898 1337 1985 διάφορα
1348 1917 1376 1971 15

173 2075 177 2082 ι
237 2001 293 2087 καί
310 1997 478 2084 μαχόμενα
502 2000 658 2083 χρώμοτί
677 2023 710 2064 τε
731 1998 787 2062 καί
807 1998 952 2084 σχήματι
974 1998 1100 2082 γνώμης
1122 1998 1176 2064 καί
1194 1999 1338 2084 γλώττης

234 2103 354 2193 ρἠδίως
374 2100 620 2184 μεθαρμόζεταί
637 2123 672 2166 τε
693 2102 747 2164 καί
764 2104 1095 2185 μετασχηματίζεται·
1145 2103 1201 2165 καί
1220 2105 1261 2188 τῇ
1281 2105 1337 2166 τοῦ
1453 2115 1454 2188 ᾗ

234 2203 348 2286 κνρίοο
365 2205 494 2293 παιδείηι
517 2207 739 2268 νουθετεῖσθαι
761 2203 820 2266 οῦκ
844 2199 938 2282 οἶδεν,
962 2202 1031 2266 ἀλλ’
1052 2195 1157 2285 ώσπερ
1177 2196 1217 2267 ἀν
1239 2201 1338 2279 εἴτις

199 2362 203 2368 .
234 2308 299 2370 τών
321 2302 545 2388 ἀνδροφόνων,
575 2299 726 2384 ἀγόμενος
754 2304 800 2378 εἰς
832 2301 1049 2385 δεσμωτήριον
1080 2299 1162 2366 oinos
1183 2304 1335 2368 δείσαντα

232 2413 413 2489 σωφρονεῖν
435 2408 492 2469 τοῦ
514 2403 626 2470 λοιποῦ
658 2402 713 2468 καί
733 2405 879 2492 λῃστείας
907 2403 1107 2489 ἀφίστασθαι
1128 2401 1242 2487 πάσης,
1265 2401 1284 2466 δ
1306 2407 1373 2476 δ’νο

234 2502 354 2582 αῦτοῦς
374 2527 408 2569 τε
431 2505 562 2592 ε’φόνενε
579 2502 653 2580 τοῦς
675 2504 856 2588 ἀπάγοντας
880 2506 936 2570 καί
954 2499 1016 2592 ότῳ
1038 2497 1077 2568 άν
1098 2503 1246 2594 ἀπαντῴη
1270 2507 1333 2570 τοῦν

233 2602 433 2689 παριόντων,
455 2600 546 2688 ζοῦτω
565 2605 620 2670 καί
644 2597 737 2683 οὗτος
764 2599 838 2671 οῦτε
868 2607 1077 2688 κολαζόμενος
1108 2610 1234 2693 φρίττει
1259 2599 1333 2671 οὔθ’

233 2701 295 2772 ῦπδ
319 2708 398 2770 θεοῦ
418 2703 665 2788 νονθετοῦμενος
683 2711 903 2787 νοσθετεῖται,
933 2706 1002 2770 ἀλλ’
1026 2702 1200 2783 ἀκόλαστος
1221 2708 1256 2770 ἐν
1276 2729 1332 2770 κο-

233 2807 390 2899 λαστηρίηι
411 2813 500 2892 μένει
531 2805 588 2894 τὴν
610 2806 754 2896 γνώμην,
779 2808 972 2906 ἀπαίδευτος
1004 2810 1033 2872 δ’
1057 2810 1333 2902 ίνπαιδεντηρίρη

738 3001 748 3066 ί

232 3120 319 3176 debat.
340 3119 408 3172 lraec
426 3122 488 3172 sunt
506 3119 649 3170 coniuncta
666 3117 806 3170 mendacin
822 3117 930 3185 ineptae
947 3115 1022 3169 illius
1041 3115 1161 3185 linguae.
1178 3115 1239 3185 quis
1262 3117 1332 3170 enim

233 3207 314 3244 ausus
331 3191 413 3244 tuerit
431 3191 463 3242 ad
484 3189 568 3242 verba
588 3204 635 3241 sua
653 3188 771 3241 barbaris
790 3187 934 3256 probanda,
953 3189 976 3240 si
996 3189 1103 3240 occasio
1123 3188 1199 3240 adest
1216 3188 1263 3240 vel
1280 3203 1332 3240 ne.

234 3263 346 3315 cessitas
367 3261 466 3316 Christi
494 3261 633 3326 passiones
660 3262 686 3312 in
713 3259 862 3328 exemplum
892 3275 1032 3312 reuocare.
1080 3267 1221 3326 praeterea
1239 3259 1332 3312 scribit
1396 3267 1402 3282 ¹

233 3335 267 3386 dc
289 3331 446 3386 Christianis
464 3330 539 3383 illius
558 3332 687 3400 regionis,
707 3333 778 3401 quod
796 3332 868 3382 hunc
883 3332 971 3399 ignari
990 3329 1113 3384 laudibus
1125 3331 1249 3396 efferunt,
1270 3331 1331 3400 qnia

234 3403 373 3456 annuntiat
399 3415 464 3466 eos,
490 3403 536 3471 qui
555 3403 583 3455 in
601 3404 742 3470 superiora
770 3411 797 3454 et
820 3403 950 3454 interiora
976 3403 1064 3454 invisa
1083 3403 1192 3454 numina
1210 3402 1330 3469 improbe

233 3475 356 3530 dividunt
374 3488 455 3524 unum
481 3475 568 3526 deum.
608 3481 634 3526 et
652 3491 682 3526 sa
700 3489 755 3526 non
774 3475 898 3541 accipere
917 3473 982 3526 dicit
1000 3473 1093 3526 laudes
1114 3473 1234 3527 inutiles.
1272 3488 1330 3526 num

232 3547 353 3600 virorum
373 3545 476 3611 piorum
495 3544 600 3597 laudem
619 3546 726 3612 decepti
754 3553 781 3597 et
799 3543 867 3597 ialso
888 3545 913 3596 ei
932 3544 1111 3612 praestabant.
1150 3545 1329 3597 exsecraban-

232 3624 277 3670 tur
296 3617 354 3668 eius
372 3614 513 3668 multorom
532 3616 642 3669 deorum
662 3616 772 3681 cultum,
791 3617 838 3669 sed
857 3631 916 3668 eum
941 3617 1036 3682 ipsum,
1057 3631 1133 3684 quern
1154 3631 1330 3668 exsecraren-

231 3695 275 3740 tur
292 3687 458 3740 nesciebant.
495 3695 535 3739 tot
553 3687 634 3739 habet
652 3689 733 3755 pedes
752 3690 785 3752 is,
804 3703 882 3756 quem
909 3695 1089 3740 exsecrantur.
1129 3695 1155 3740 et
1174 3687 1251 3740 color
1270 3688 1329 3756 opi.

232 3759 322 3811 nionis
341 3766 382 3811 cst
399 3758 517 3811 infirmus
538 3767 565 3810 et
586 3760 685 3811 varius.
706 3767 733 3810 et
750 3759 811 3812 aliis
831 3758 995 3826 temporibus
1016 3759 1131 3826 aliisque
1150 3759 1178 3810 in
1197 3758 1277 3812 rebus
1299 3758 1328 3810 ad

231 3831 339 3882 diversa
358 3837 385 3881 et
411 3830 556 3898 pugnantia
580 3829 694 3884 inclinat
718 3831 788 3898 quod
812 3831 844 3882 ad
864 3829 980 3882 habiturn
1000 3828 1172 3897 coloremque
1198 3831 1328 3898 opinionis

232 3910 312 3970 atque
330 3900 439 3969 linguae
460 3903 564 3953 attinet.
584 3909 698 3954 mutatur
715 3911 803 3958 nutem
822 3900 956 3970 aliamque
975 3900 1073 3968 accipit
1091 3901 1210 3954 formam.
1235 3909 1262 3954 et
1279 3903 1328 3954 do.

231 3973 297 4024 ruini
314 3973 482 4025 institutione
503 3973 637 4024 emendari
661 3973 756 4025 nescit.
776 3973 823 4025 sed
842 3973 1059 4042 quemadmodum
1076 3974 1099 4025 si
1119 3975 1179 4042 qnis
1199 3973 1327 4026 homicida

232 4043 362 4097 deductus
383 4044 411 4094 in
431 4059 566 4097 carcerem
593 4046 700 4097 nescius
719 4046 747 4096 in
764 4043 853 4098 inturo
872 4059 937 4096 sana
955 4052 1043 4099 mente
1072 4045 1111 4097 uti
1131 4053 1158 4096 ct
1177 4047 1240 4098 exui
1259 4044 1326 4096 omni

233 4113 395 4178 latrocinio,
423 4117 470 4169 sed
495 4117 569 4183 ipsos
588 4115 669 4170 duces
696 4117 823 4171 interficit
851 4123 877 4168 et
894 4131 1079 4184 quemcunque
1104 4117 1325 4183 praetereuntium

236 4187 369 4254 attingere
388 4195 495 4254 potest,
515 4189 552 4240 ita
572 4187 650 4238 ettam
678 4186 726 4240 illc
745 4191 852 4256 punitus
870 4202 924 4240 non
949 4190 1038 4240 tremit
1057 4193 1084 4239 et
1107 4202 1123 4238 n
1141 4187 1191 4240 deo
1213 4188 1324 4240 monitus

234 4262 440 4330 conmonetor,
459 4257 507 4338 scd
525 4257 652 4316 indomita
668 4259 799 4338 opinione
822 4261 850 4316 in
871 4273 981 4332 οοτοοτε
997 4264 1102 4338 manet,
1121 4273 1178 4334 non
1194 4260 1324 4316 institutos
