2880 4910
292 347 366 426 356
590 345 815 432 uictima}
845 339 1075 413 GRBGORAB

292 545 355 588 νων
376 519 440 584 τόν
460 515 519 600 τὴν
544 509 705 600 διαφοράν
731 507 870 593 ἐχόντων
891 504 971 591 πρός
993 493 1114 586 ἄλληλα
1122 524 1133 579 ,·
1168 496 1239 582 όρᾷς
1260 492 1299 578 τότ
1316 493 1364 555 uda

293 618 490 704 ἀπαγορεύει
507 610 660 698 Ἰωάννης
681 611 801 686 όθεῖυς
818 607 852 676 ia
872 605 1053 688 Δαμασκοῦ
1075 599 1142 665 οὐδ’
1157 597 1297 664 ἐκεῖνον’
1316 593 1364 655 ου’-

293 724 347 788 tte
367 715 403 785 τό
427 715 581 804 παράπαν
611 711 634 778 ό
668 718 725 778 νῦν
744 711 798 776 ἐπὶ
819 708 914 775 τοῦδε
935 705 1137 780 συντίθεται,
1168 691 1189 782 ἦ
1206 695 1262 780 γὰρ
1283 685 1365 776 άνῆν

268 811 391 897 'edric
412 815 517 906 ἑαυτῷ
538 807 732 896 μαχόμενος.
774 809 855 876 ἀλλά
878 803 994 884 sulcia
1014 811 1079 870 tait
1099 795 1247 866 τοιοάτων
1266 797 1366 879 rituqu-
1420 847 1421 850 ,

291 925 357 1005 ρῶν
387 920 575 1001 συγκεῖσθαι
608 913 663 998 τὴν
698 916 791 978 θείαν
818 909 998 996 φάσκουσιν
1025 902 1136 968 οὔσιάν
1163 903 1300 985 ἐπιτιμᾷ,
1324 897 1382 961 καῖε
1420 965 1421 974 ¹

292 1021 452 1102 άνασοβεϊ
467 1018 512 1100 μὴ
533 1018 634 1099 λέγειν
653 1011 823 1088 ου’σιιόδεις
837 1006 998 1095 διαφοράς
1013 1007 1068 1071 ἐπὶ
1086 1004 1177 1082 θεοῦ,
1200 999 1236 1065 ui
1250 997 1302 1080 τήν
1320 997 1366 1058 ου’·

291 1123 365 1186 σιἀν
385 1121 569 1185 συντιθέναι
592 1119 737 1199 λέγονται
758 1107 802 1188 αἷς
821 1113 872 1197 ἐφ’
893 1109 990 1193 ἡμῖν,
1011 1107 1080 1170 άλλ’
1097 1099 1135 1168 αἳ
1152 1101 1365 1164 διαστέλλουσιν

292 1225 327 1288 ἐκ
348 1225 412 1286 τάν
447 1219 582 1283 κτιστοῖν
604 1217 744 1281 ου’σιιιῑν·
770 1275 772 1284 ,
796 1210 831 1278 τό
860 1210 922 1295 γάρ
947 1211 1001 1293 τῆς
1030 1205 1124 1279 θείας
1143 1200 1251 1272 ου’σιάς
1272 1190 1365 1261 ἓνιαϊον

160 1340 180 1396 l.
192 1339 245 1396 168
255 1356 283 1396 τ.
292 1321 473 1388 παντάπασι
506 1321 561 1383 aui
581 1317 705 1383 άπλοῦν
726 1311 829 1399 πάσης
858 1315 913 1377 καί
933 1311 1084 1382 παντοίας
1108 1305 1209 1389 πάντη
1232 1299 1365 1384 διαφοράς

226 1443 281 1496 1⁸
293 1423 508 1489 α’νεπίδεκτον.
552 1418 571 1502 ἦ
596 1418 658 1502 γάρ
683 1411 826 1502 διαφορά
854 1413 999 1500 φυσικαῖς
1020 1403 1174 1490 ἑπομένην
1194 1401 1307 1486 ἔχουσα
1323 1394 1393 1480 sirii

292 1519 477 1608 ἑτερότητα,
498 1515 714 1605 πληθυντικόν
735 1513 836 1592 εόθός
855 1512 996 1597 άριθμόν
1017 1503 1217 1589 συνεισάγει·
1259 1496 1329 1566 όπυυ
1347 1498 1367 1560 d'

294 1623 436 1708 άριθμάς
450 1622 506 1685 κατ’
518 1623 650 1705 πλῆθος,
671 1614 811 1701 άπλότης
831 1610 913 1682 εἶναι
930 1614 970 1677 ου’
990 1617 1207 1696 συγχωρεῖται
1226 1595 1365 1687 μοναδικη.
1420 1595 1421 1680 l

294 1721 441 1807 καθάπερ
473 1722 528 1787 κατ’
555 1720 572 1785 ά
601 1724 691 1795 θεῖος
712 1717 865 1797 Μάξιμος
889 1715 1005 1798 άμεράς
1027 1735 1107 1797 φησι
1139 1707 1176 1776 τό
1208 1711 1289 1771 θεῖον
1305 1699 1366 1766 διότι
1420 1689 1421 1704 ’

295 1825 351 1888 καί
369 1817 499 1889 όποσον.
535 1823 591 1887 κατ’
609 1817 702 1886 πάλιν
724 1814 810 1884 πᾶσά
833 1840 914 1904 φησι
942 1809 1085 1899 διαφορά
1111 1813 1167 1893 τῆς
1187 1800 1287 1871 ἄλλων
1305 1796 1365 1883 πρός

295 1915 381 1990 ἄλλα
400 1923 482 1988 κατά
504 1922 559 1988 τόν
582 1922 637 1988 τοῦ
659 1925 726 1998 πῶς
745 1913 828 1986 εἶναι
842 1918 933 2000 λόγον
953 1907 1178 1997 ἀνομοιότητός
1197 1931 1229 1974 τε
1249 1905 1298 1972 καί
1315 1899 1391 1967 iar-1⁵

294 2023 425 2110 ρότητος
446 2017 527 2090 οὖσα
550 2024 719 2110 aptaverat,
743 2019 778 2086 τό
802 2016 985 2084 nanda-suiv
1001 2009 1220 2100 διαφερόντων
1241 1998 1359 2092 πραγμά-

292 2149 355 2191 των
376 2127 574 2209 συνεισάγειν
601 2120 701 2210 ἑαυτῇ
724 2127 884 2208 πέφυκεν,
906 2115 963 2183 εἴτ’
989 2115 1108 2180 ου’σιιόν
1121 2110 1201 2178 ἐἴτε
1221 2104 1361 2187 ποιοτήτων

292 2222 349 2290 εἴτ’
371 2223 560 2312 ἷδιοτὴτων·
613 2227 652 2290 τά
674 2229 734 2307 μὲν
754 2219 816 2307 γάρ
847 2217 893 2305 μη
916 2217 1066 2302 ἀλλήλοις
1093 2211 1195 2300 πάντη
1216 2206 1307 2278 ταάτό
1325 2204 1364 2267 ἕνα
1420 2191 1421 2202 ¹

293 2325 349 2390 κατ’
368 2324 422 2391 τόν
453 2325 553 2392 αότόν
587 2327 642 2391 τοῦ
675 2319 758 2390 εἶναι
778 2323 930 2403 ου’δαμιῖς
960 2320 1143 2400 ε’πιδέχεται
1164 2305 1320 2394 λόγον,ταΙ
1340 2303 1366 2364 δὲ
1420 2313 1421 2352 ῑ

294 2427 396 2515 πάντη
421 2423 570 2510 άλλῆλοις
590 2424 691 2492 ταότά
716 2427 878 2510 διαφοράς
898 2420 1096 2486 α’νεπάδεκτα.
1123 2413 1181 2479 καί
1193 2412 1252 2496 γάρ
1272 2404 1392 2473 iatoirtt

295 2526 509 2613 ὦμολογηκάς
539 2527 695 2614 πρότερον
724 2522 807 2592 εἶναι
837 2522 872 2590 τό
894 2528 994 2599 θεῖον,
1014 2513 1081 2584 εἶτα
1113 2516 1150 2601 τό
1176 2517 1272 2600 πάντη
1290 2505 1365 2594 φησιν

296 2629 418 2693 daturin
438 2630 599 2720 dtapappic
617 2621 701 2695 altat
723 2628 941 2693 α’νεπίδεκτον·
984 2617 1143 2686 διότικαὶ
1161 2613 1260 2703 πάντη
1276 2599 1363 2676 ταυίόι

294 2723 401 2819 ἓαυτρῖ
418 2730 474 2797 καί
491 2728 668 2816 μοναδικόμ
689 2730 746 2796 καὶ
766 2719 839 2794 ὅλον
856 2719 938 2802 ὅλως
959 2715 1117 2809 ἄσχετον,
1139 2720 1185 2798 σάς
1204 2716 1239 2785 τό
1262 2703 1367 2790 δνποοό

295 3104 366 3156 inter
384 3117 414 3154 sa
431 3099 556 3154 habenti
590 3099 678 3166 vides,
697 3105 727 3151 ut
744 3098 777 3152 it.
798 3097 911 3151 loannes
922 3095 1102 3150 Damascenus
1120 3106 1157 3144 ue
1175 3090 1308 3159 quiequam
1323 3077 1366 3149 qui·

294 3176 355 3228 dem
375 3172 514 3226 contendit
536 3186 716 3240 eorumquae
736 3185 808 3223 nnuc
833 3171 863 3222 iu
882 3184 940 3219 eum
962 3167 1146 3220 conteruntur.
1184 3159 1300 3230 protecto
1317 3150 1368 3203 illm

294 3247 354 3313 ipse
372 3261 462 3298 seeum
482 3251 632 3313 pugnaret3
657 3244 704 3295 sed
729 3243 763 3294 ils
782 3243 828 3310 qni
847 3239 946 3292 talibus
971 3236 1147 3292 varietatibus
1172 3227 1299 3285 contineri
1315 3220 1368 3276 diri-

314 3331 355 3368 am
376 3315 520 3367 essentiam
539 3314 629 3366 dieunt
654 3313 748 3365 obiicit
773 3321 800 3364 et
817 3318 965 3379 repugnat,
985 3326 1020 3363 ue
1039 3305 1197 3361 essentiales
1227 3305 1254 3356 in
1271 3300 1316 3352 deu
1331 3307 1368 3344 tt·

294 3388 406 3438 rietatea
426 3401 487 3438 esse
505 3386 610 3450 dicant,
629 3401 699 3453 quae
719 3385 861 3436 essentiam
883 3382 1020 3447 efficiant,
1045 3388 1074 3432 ut
1091 3379 1119 3430 in
1138 3376 1231 3439 nobis,
1259 3370 1301 3426 sed
1317 3375 1368 3434 quat

296 3472 313 3509 a
332 3459 430 3540 creatis
450 3457 574 3508 essentiis
593 3457 766 3523 distinguant.
805 3455 896 3507 divina
916 3455 986 3504 enim
1005 3452 1137 3512 essentia,
1152 3463 1203 3500 una
1226 3452 1252 3498 et
1269 3437 1367 3505 simplet,

297 3543 381 3580 omnis
408 3535 434 3578 et
454 3527 621 3579 omnimodae
644 3527 782 3580 varietatis
805 3525 977 3592 impertinens
1006 3531 1056 3575 est.
1102 3535 1162 3573 nam
1190 3516 1368 3575 varietasque

284 3597 539 3683 „dissimilitudinem
559 3598 638 3650 habet
655 3605 750 3651 natura
763 3597 869 3662 iactam,
888 3594 1020 3663 pluralem
1041 3593 1127 3647 statim
1145 3601 1278 3642 nnmerum
1295 3573 1368 3632 invol-

298 3677 347 3723 ττι.
367 3669 412 3720 ubi
431 3684 556 3721 numerus
576 3678 603 3721 et
616 3668 758 3722 multitudo
778 3677 828 3732 est,
847 3669 944 3719 unicae
957 3664 1121 3734 simplicitati
1139 3661 1215 3714 lucus
1233 3654 1316 3708 nullus
1331 3652 1367 3698 tal·

297 3741 514 3810 quemadmodum
536 3742 614 3793 etiam
639 3741 672 3793 lt.
691 3741 819 3794 llaximus
847 3739 1007 3805 impartitum
1026 3738 1102 3788 deum
1122 3734 1187 3785 dicit
1207 3738 1233 3782 et
1251 3722 1368 3779 inlinitum·

298 3819 325 3864 et
342 3810 425 3865 alias:
446 3813 532 3865 omnis
552 3814 669 3865 varietas
687 3827 756 3880 quae
777 3827 866 3864 rerum
886 3811 956 3862 iuter
984 3825 1015 3862 sa
1038 3804 1240 3873 discrepantiam
1266 3803 1291 3848 et
1306 3787 1368 3868 dissi·

295 3883 472 3968 militudinem
495 3885 528 3936 ad
547 3883 684 3953 qualitatis
715 3883 847 3935 rationem
873 3880 990 3948 explieat
1013 3879 1185 3947 quantitatem
1206 3883 1289 3924 rernm
1306 3863 1368 3942 disu-

295 3953 398 4005 malrum
419 3971 510 4007 secum
528 3956 639 4018 inducit,
657 3955 718 4005 sive
736 3953 910 4006 essentiarum
930 3953 990 4004 siue
1009 3950 1173 4018 qualitatem,
1192 3945 1249 3996 siue
1266 3942 1368 4007 pr⁰l¹¹⁰'

296 4031 388 4079 tatum.
425 4031 494 4094 quae
514 4027 584 4078 euim
602 4040 655 4078 non
671 4026 779 4076 omniuo
800 4025 891 4076 eadem
916 4023 986 4074 inter
1002 4037 1033 4074 se
1052 4027 1123 4084 sunt,
1142 4031 1219 4070 unam
1238 4019 1263 4064 et
1281 4002 1368 4060 eandem

297 4097 432 4149 essentiae
450 4098 580 4149 rationem
598 4110 653 4148 nou
671 4096 822 4163 accipiunt,
842 4109 911 4162 quae
931 4108 997 4145 vero
1017 4093 1088 4145 inter
1106 4105 1135 4143 se
1155 4089 1253 4146 eadem,
1272 4075 1367 4132 varieta-

295 4169 331 4220 tis
349 4169 527 4236 impartieipia
546 4176 616 4221 sunt.
654 4180 715 4220 uam
734 4182 814 4236 quum
833 4165 948 4233 simplex
962 4171 1042 4216 antea
1059 4160 1126 4215 dixit
1143 4162 1229 4221 deum,
1246 4151 1303 4205 dein
1319 4143 1367 4196 tim·

295 4238 362 4312 plex
382 4240 521 4294 varietatis
541 4255 600 4295 esse
619 4235 728 4292 bmuiua
746 4239 918 4307 impartieeps
936 4236 1013 4290 dixit.
1049 4235 1112 4288 iden
1130 4231 1235 4286 omuino
1253 4221 1300 4280 sibi
1315 4214 1367 4267 idem
