2910 4896
195 360 413 428 msvomtx
442 361 698 428 nmtmiutu
723 363 816 430 xxx.
836 345 1023 429 16-υο.
1098 357 1169 428 νει

103 511 255 608 to'ippuoc,⁸
261 523 452 600 elnonensem
465 527 525 605 μὲν
545 522 712 599 α’νσυσόσυς
728 519 878 608 θεότητος
895 525 923 586 d’
937 522 1175 598 ἀνυποστάτους

103 629 191 704 σέβων.

184 730 334 809 Τέταρτον
357 732 393 792 di
423 723 474 791 ὅτι
499 727 554 791 καὶ
582 725 636 790 τόν
666 720 836 808 άνθρωπον
858 725 913 790 καὶ
944 725 997 790 τὸν
1018 730 1109 790 λάθον
1129 728 1240 802 εἶςΙῦ

99 825 252 911 ὑπόδειγμα
270 832 388 914 φέρων,
410 828 466 893 καὶ
487 828 670 913 ὁριζόμενος
693 830 806 893 odolen
820 823 902 894 εἶναι
924 827 1003 909 μετά
1026 831 1089 892 τοῖν
1110 853 1176 913 φυ-

80 930 268 1010 tausignani
289 929 389 1016 αὐτὴν
411 931 581 1012 ὁρωμένων
595 934 909 1015 συλλαμβανσμένην,
931 926 1033 1006 ἑάλως
1056 927 1101 996 ἔτι
1123 927 1178 994 κατ’

97 1028 322 1112 συμβεβηκότων
344 1031 503 1116 σύλληψιν
524 1026 606 1096 εἶναι
622 1033 759 1110 νομιζων
781 1030 840 1115 την
861 1035 958 1095 θείαν
976 1030 1095 1116 ἐκείνην
1117 1033 1266 1109 orl-2135
1274 1067 1303 1108 γ,

97 1127 156 1190 σιάν
174 1122 277 1213 ιόσπερ
299 1130 355 1195 sui
376 1132 432 1196 τού
461 1133 696 1215 προβληθέντος
717 1155 766 1195 σοι
791 1135 901 1210 λίθου,
924 1130 1024 1212 βάρος
1046 1129 1176 1215 ψυχρό-

95 1251 157 1309 τητα
175 1231 289 1313 χρῶμα
313 1237 414 1315 μῆκος
437 1229 552 1307 πλάτος
573 1234 628 1296 καί
647 1231 763 1313 βάθος,
786 1231 841 1295 κατ’
858 1221 924 1296 ὅσα
938 1236 1068 1297 τοιαύτιι
1092 1242 1175 1298 νοεῖν

95 1323 147 1409 ἔχει
161 1354 215 1412 τις,
238 1329 378 1413 ἔχοντος.
424 1327 516 1396 dant*
534 1337 591 1398 τού
612 1336 768 1414 προτέρου
791 1339 898 1417 χεῖρον
921 1328 966 1407 εἰς
990 1331 1133 1423 α’τυπιάν.

65 1432 88 1486 ll
177 1435 245 1496 Κατ’
259 1435 401 1512 πέμπτον
418 1425 557 1510 dronae,
571 1426 619 1498 ότι
640 1436 694 1497 κατ’
713 1439 855 1513 βεβαιοῖς
872 1429 936 1514 την
949 1427 1008 1516 ση“ν
1030 1432 1173 1511 άμαθιάν
1185 1457 1240 1510 ιο

92 1531 136 1591 κατ’
154 1533 323 1596 πολυθεΐαν
346 1531 400 1596 διά
425 1536 479 1615 τῆς
501 1530 580 1616 πρός
603 1530 657 1596 τόν
677 1537 777 1614 μέγαν
800 1528 995 1598 Ἀθανάσιον
1010 1555 1176 1616 συκοφαν-

92 1633 157 1704 τιάς.
198 1629 252 1694 inl
273 1629 334 1715 γάρ
359 1630 392 1696 ἓν
415 1636 529 1709 ἐκεῖνος
550 1631 634 1715 ἔχειν
658 1637 738 1716 φησί
760 1630 817 1717 την
838 1632 1005 1716 ἀναφοράν
1026 1631 1064 1696 τά
1087 1629 1172 1698 ούτω

91 1728 173 1794 πολλά
193 1733 256 1795 τιόν
281 1731 444 1813 όνσμάτων
467 1736 604 1814 ἐκείνων,
627 1731 729 1798 sirum
745 1730 801 1818 την
823 1727 955 1798 σόσόαν·
999 1731 1038 1798 σύ
1063 1737 1090 1797 d’
1114 1737 1172 1798 ούκ

91 1818 176 1914 Ιἦσθον
197 1831 279 1896 κατά
315 1837 454 1898 σεαυτοῦ
488 1837 624 1915 κομίζων
653 1829 688 1898 όν
721 1829 801 1919 ύπὲρ
825 1838 964 1899 σεαυτοῦ
986 1832 1172 1915 κεκόμικας·

60 1925 177 2006 λᾶσύτως
212 1933 345 2016 άμαθης
372 1928 405 1997 εἶ
435 1936 489 1998 καί
508 1931 600 2015 ’μάλα
635 1935 788 2018 ἀγροῖκος.
843 1929 911 1998 εἶτα
931 1936 987 1998 κατ’
1008 1925 1172 2016 άθροισμα

89 2033 230 2110 λέγεικαὶ
253 2035 411 2116 πλήρωμα
435 2033 583 2119 θεότητος
605 2038 705 2100 ταῦτα
729 2038 847 2115 ιιύτός,
870 2034 910 2097 ού
928 2033 991 2118 μην
1015 2033 1172 2116 θεοτητων

88 2133 133 2211 τῆς
152 2133 260 2207 σόσύας
281 2131 447 2218 διαφόρων
468 2131 549 2197 κατά
573 2137 608 2199 σὲ
625 2136 680 2198 κατ’
704 2129 860 2215 άλληλων.
905 2138 970 2207 πεός
991 2131 1049 2216 γάρ
1071 2127 1104 2207 ὃς
1120 2131 1174 2196 ε’πό

87 2231 112 2292 ἓν
130 2233 206 2298 adid
229 2234 286 2318 τὴν
311 2235 480 2318 άναφσρόιν
502 2233 587 2315 ἔχειν
609 2241 697 2321 φησί,
728 2233 847 2320 δηλαδὴ
870 2235 927 2318 τὴν
946 2231 1069 2300 σύσίαν.
1200 2319 1202 2323 ,

161 2329 246 2400 Ἔστι
267 2337 347 2400 κόπτ’
367 2338 490 2410 τούτοις
510 2338 597 2400 ἕκτον
619 2329 751 2417 άτσπσν,
785 2333 835 2401 ότι
855 2341 908 2401 κατ’
929 2331 984 2400 τόν
1006 2339 1094 2398 θεῖον
1109 2358 1171 2398 συ-
1183 2355 1240 2410 20

55 2433 476 2521 λθκοφαντεῖςΔαμασιιηνόν,
499 2437 540 2513 τός
562 2441 728 2522 προϊοῦσιν
744 2436 820 2521 ἡμῖν
833 2435 992 2522 εἰρήσεται
1013 2439 1067 2500 καί
1090 2436 1171 2498 αότό

85 2537 270 2624 πλατύτερον.
292 2541 502 2624 δειχθήσεται
514 2537 574 2626 γάρ
590 2539 624 2606 τὸ
635 2543 881 2626 χαρακτηρίζειν
895 2541 939 2628 τῷ
951 2542 1116 2624 διαφέρειν
1126 2533 1171 2620 μὴ

89 2853 155 2905 etiam
172 2853 325 2919 multarum,
345 2853 413 2912 illud
431 2854 476 2907 hio
493 2869 600 2924 qunque
629 2870 708 2909 ansus
734 2870 762 2906 es
784 2855 894 2918 dicere,
921 2865 979 2905 cnm
999 2860 1027 2904 et
1043 2852 1169 2906 substan.

87 2924 128 2975 tias
146 2927 277 2978 essentiae
298 2933 325 2980 et
344 2926 499 2979 divinitates
520 2927 682 2980 substantioe
703 2934 825 2993 expertas
846 2925 995 2978 venereris.

172 3023 299 3088 Quartum
328 3039 386 3074 cum
417 3033 444 3076 et
469 3024 575 3076 homine
601 3031 628 3076 et
645 3024 735 3091 lapide
754 3021 883 3091 exemplis
912 3021 995 3072 utaris
1015 3029 1041 3072 et
1055 3027 1170 3072 conten.

85 3091 139 3154 das,
166 3095 308 3146 essentiam
330 3095 519 3162 comprehendi
547 3112 604 3147 cum
625 3097 677 3160 iis,
701 3097 815 3164 quaein
844 3109 875 3144 ea
895 3100 1038 3145 cernantur
1055 3091 1169 3142 naturali

84 3163 161 3228 modo,
180 3165 363 3233 deprehensus
384 3183 412 3218 es
432 3181 512 3234 porro
533 3170 644 3218 credens
664 3168 840 3219 accidentium
861 3179 968 3233 qnoque
990 3161 1168 3229 comprehen-

83 3232 173 3286 sionem
193 3252 251 3288 esso
271 3236 345 3289 illam
364 3239 506 3290 essentiam
525 3240 651 3304 divinam,
672 3239 749 3292 velut
767 3237 900 3304 inlepide
916 3251 932 3286 a
951 3243 978 3287 te
996 3235 1103 3297 iactato,
1123 3233 1168 3301 qui

83 3307 238 3380 gravitatem,
259 3309 356 3379 frigus,
376 3309 506 3374 colorem,
526 3310 736 3378 longitudinem,
754 3309 921 3362 latitudinem
948 3305 1168 3373 altitudinemque

83 3382 105 3424 et
122 3393 293 3447 quaecunque
322 3381 450 3431 eiusmodi
476 3382 589 3450 cogitari
614 3390 740 3450 possunt,
768 3383 909 3444 continet,
938 3379 965 3431 id
993 3377 1063 3447 quod
1089 3378 1167 3429 etium

83 3447 151 3510 peius
170 3458 209 3501 est
226 3450 340 3503 stultitia
358 3453 458 3518 priore.

169 3537 202 3589 Et
219 3542 340 3608 quintum
371 3538 478 3592 stultum
506 3541 592 3605 illud,
619 3542 689 3610 quod
716 3542 793 3596 etiam
822 3541 961 3593 confirmas
989 3537 1166 3606 ignorantiam

83 3610 145 3655 tuam
166 3616 192 3659 et
209 3610 352 3662 multorum
371 3611 517 3663 doctrinam
544 3612 653 3664 deorum
679 3613 854 3680 perversione
879 3612 1009 3663 dictorum
1028 3606 1167 3662 Athanasii

84 3678 172 3744 magni.
207 3682 239 3733 ad
258 3697 338 3732 unum
358 3683 427 3733 enim
453 3681 502 3735 ille
522 3684 585 3736 dicit
603 3684 699 3736 relorri
726 3683 774 3735 illa
791 3691 830 3735 tot
851 3685 969 3746 nomina,
989 3682 1113 3732 nimirum
1135 3677 1167 3730 ad

83 3750 224 3803 essentiam.
262 3759 290 3804 tu
312 3760 400 3805 autem
419 3755 571 3820 imprudens
591 3764 683 3807 contra
700 3764 727 3806 te
752 3755 864 3806 attulisti
886 3769 963 3822 quem
983 3767 1032 3820 pro
1052 3759 1078 3802 te
1097 3747 1167 3802 alla.

82 3823 147 3870 turus
168 3836 232 3874 eras.
269 3826 416 3878 tamrudis
447 3841 476 3876 es
498 3834 524 3877 et
543 3825 622 3878 valde
647 3826 771 3878 incultus.
816 3826 912 3877 deinde
941 3832 967 3876 et
986 3823 1122 3874 materiem
1143 3827 1170 3872 et

82 3890 250 3954 expletionem
276 3895 425 3947 divinitatis
451 3895 518 3948 haec
543 3898 601 3963 ipse
631 3899 767 3962 nominat,
788 3911 845 3968 npn
874 3905 962 3948 tamen
990 3895 1169 3955 divinitatum,

80 3973 139 4024 qnae
156 3961 188 4013 ab
209 3966 335 4030 essentia,
353 3974 382 4018 nt
400 3975 429 4018 tu
448 3968 500 4031 vis,
522 3975 548 4018 et
560 3970 638 4020 inter
656 3985 685 4020 se
704 3969 835 4031 dillorant,
855 3965 987 4036 quomo‘do
1015 3965 1084 4016 euim
1104 3961 1168 4015 talia

80 4029 160 4083 dicere
181 4038 272 4102 possit,
291 4038 337 4102 qui
354 4038 387 4089 nd
406 4053 485 4089 uuum
504 4037 552 4089 illa
571 4040 667 4098 referri
686 4041 761 4104 dicit,
780 4040 902 4090 nimirum
921 4039 953 4089 ad
973 4037 1124 4090 essentiam.

179 4128 224 4180 Est
243 4139 330 4182 autem
348 4139 488 4198 praeterea
508 4141 611 4184 sextum
632 4132 739 4186 stultum
759 4133 843 4197 illud,
870 4133 939 4200 quod
964 4132 1082 4183 divinum
1101 4144 1171 4198 quo.

95 4209 142 4261 qno
171 4200 315 4254 criminaris
334 4202 537 4268 damascenum,
566 4206 635 4271 qnod
661 4213 687 4256 et
715 4207 800 4272 ipsum
820 4203 924 4271 plonius
943 4219 959 4254 a
976 4201 1053 4254 uobis
1083 4209 1176 4267 postea

91 4265 201 4322 dicetur.
243 4274 465 4328 demonstrabitur
486 4277 569 4343 enim,
594 4277 745 4344 significare
766 4284 792 4327 et
818 4276 926 4328 differre
944 4288 997 4326 non
1018 4287 1078 4324 esse
1097 4271 1175 4340 idem,
