2952 4902
196 323 420 396 ursromtn
449 327 707 397 omturrutu
729 333 841 398 xxvi.
875 312 1061 400 :tt-at.
1125 318 1197 402 too

107 498 171 576 ραῖς
191 493 253 555 τάν
284 488 435 577 ὁππκάαν
456 493 664 578 κηδεμονικῶς
694 495 928 576 καμπτομένοις
956 495 990 560 έν
1011 493 1198 560 ταπεινώσει

106 596 213 676 γίνεται
232 597 369 678 καρδίας
389 592 513 669 τοάτοις
526 596 748 660 ἐπικαλεῖσθαι
770 592 823 661 τὸν
844 597 963 678 κύριον,
985 594 1118 671 τοάτους
1140 597 1199 679 δή.

105 699 215 758 πουθεν
251 697 417 779 οἰκτείρων
437 697 594 760 ἐνταυθοῖ
610 695 689 761 κατά
712 694 747 761 τὸ
778 700 833 780 τῆς
855 697 959 775 αι’τίιις
982 699 1095 764 δίδωσι
1116 696 1200 764 πάσ·

103 817 165 875 χειν
185 792 361 881 άνάλοχον,
394 797 433 860 ἵν’
464 799 502 872 ές
519 795 554 860 τὸ
578 801 693 878 μέλλον
721 799 785 885 σχῇ
805 801 1005 884 κουφοτέραν
1026 802 1082 886 τὴν
1102 798 1200 866 κάλα-

84 909 155 964 tort.
195 899 227 962 εί
253 900 285 962 δ’
308 895 410 972 αἴτιος
437 901 496 978 μέν
518 899 574 982 τῆς
607 891 683 983 ὅλης
714 897 764 985 είνχ
786 904 896 976 κακιάς
918 897 1069 982 καθάπαξ
1091 899 1200 988 αδτάς,

104 999 139 1060 δι’
158 994 194 1080 ἢν
216 1002 250 1074 ές
275 997 406 1083 φθοράν
436 998 593 1084 ὁλοσχερῆ
627 999 662 1063 τὸ
686 997 826 1085 ὑπήκοον
848 1005 1084 1088 καταφέρεται,
1105 999 1200 1070 ἔπειτ’

104 1097 192 1175 ου’τὸς
214 1099 391 1184 άνάλχρτάς
406 1125 440 1164 τε
460 1103 564 1183 μένων
582 1100 638 1166 καί
659 1098 773 1185 ἥκιστα
795 1113 865 1178 ταῖς
888 1102 1050 1180 τοιοάταις
1071 1127 1202 1192 συμφο-

103 1209 165 1283 ροῖς
187 1199 267 1285 μήτε
291 1199 529 1283 καμπτόμενος,
548 1202 629 1285 μήτε
651 1202 715 1284 μὴι·
738 1203 804 1266 οὐδ’
826 1197 905 1288 άχρι
924 1206 981 1269 τοῦ
1003 1210 1199 1291 φαινομένου

102 1299 300 1383 συμπάσχειν
327 1301 487 1384 ὁρώμενος
508 1299 688 1386 σχήματος,
716 1299 824 1368 ἔπειτα
843 1303 969 1386 μακρὸν
993 1305 1027 1383 έξ
1050 1306 1200 1386 άπονοίας

70 1405 150 1468 litor*
169 1405 276 1487 τάφον
297 1404 331 1467 έν
354 1405 446 1489 ψυχῇ
469 1404 669 1485 περιθάλπιι,
693 1407 852 1486 δικαίωμα
870 1406 929 1470 roo
950 1401 995 1490 par}
1018 1407 1117 1490 δῆθεν
1139 1409 1200 1472 ον’-

101 1498 148 1566 τόν
167 1503 326 1586 ἁμαρτεῖν
340 1501 373 1567 τά
396 1504 438 1587 μδ
463 1504 597 1586 πάσχειν
614 1502 768 1586 οἰόμενος,
792 1508 894 1595 τοάτρν
915 1503 1032 1582 πάντας
1045 1509 1113 1572 έκεῖ
1127 1507 1200 1586 τοὺς

100 1607 148 1685 τῆς
168 1606 257 1690 δίκης
280 1605 434 1689 λαμπράς
453 1603 600 1687 ταμιεύει
620 1611 814 1690 πρηστῆρας.
857 1609 939 1692 μηδὲ
959 1603 1020 1692 γάρ
1041 1600 1122 1672 εἶναι
1144 1606 1266 1692 rim

101 1704 232 1769 ἐνταῦθα
254 1702 389 1786 κίδαριν
405 1705 596 1790 άποχράσαν
618 1701 703 1770 οὕτω
721 1705 872 1790 μεγάλοις
890 1710 945 1773 καί
965 1707 1222 1792 παρονομωτάν

102 1826 160 1888 τοις
181 1811 384 1885 πταίσμασιν
408 1808 573 1889 άσεβείας,
598 1799 635 1890 ἧς
657 1807 713 1882 τάς
737 1809 826 1884 δίκας
847 1810 943 1886 αάτός
965 1810 997 1874 θ’
1018 1804 1099 1894 ὁπὲρ
1122 1805 1201 1874 ἑαυ-

70 1909 153 1966 15τοδ
174 1905 385 1992 ὀφλισκάνει,
414 1907 468 1971 καί
489 1901 556 1989 cipro
589 1903 669 1991 ὁπὲρ
702 1911 760 1972 τοῦ
780 1913 841 1974 τάν
864 1902 1009 1994 ὁπρκὸων
1038 1913 1081 1974 δι’
1102 1907 1200 1976 αάτὸν

104 2008 297 2084 rinolentiae:
318 2009 480 2093 πλήθους·
524 2012 670 2092 ποιμένος
691 2009 751 2096 γάρ
773 2005 1000 2094 άνειλρμμένος
1018 2008 1136 2096 μόνον,
1154 2013 1198 2096 μὴ

102 2103 190 2187 μὸνον
214 2111 255 2172 οά
279 2113 446 2193 πεποίηται
475 2109 531 2196 τὴν
561 2109 785 2194 άρμόττουσιιν
808 2115 851 2198 τῷ
881 2117 1015 2201 ποιμνίῳ
1038 2112 1199 2198 πρόνοιαν,

102 2206 173 2272 otti
196 2213 251 2274 καί
274 2213 402 2296 φθοράς
436 2212 524 2300 αὐτῷ
546 2210 903 2295 προσεπεδαψιλεάσοτο
925 2210 1086 2298 τρόπους,
1106 2211 1199 2290 λάκος

105 2311 168 2377 riori
188 2310 370 2397 προστάτου
392 2315 447 2376 καί
476 2317 622 2396 ποιμένος
642 2319 764 2400 φανείς.
817 2311 924 2380 ἔπειτα
947 2310 1014 2379 oid’
1042 2310 1118 2396 ἡμίν
1142 2314 1200 2378 άν-

69 2416 237 2495 δθθριάποις
260 2406 353 2480 ciam
378 2416 498 2480 άνείται
521 2413 577 2502 τήν
601 2418 635 2480 έν
664 2411 900 2500 ὁπουδηποτοῦν
929 2411 1037 2501 ὁτίρου
1061 2439 1199 2500 κρυπτο-

103 2520 190 2598 μὲνρν
212 2519 237 2556 “
258 2519 376 2607 καρδίᾳ
407 2517 517 2582 κακίαν
540 2513 562 2601 ἢ
585 2509 815 2604 ‹iperio-nitio
839 2512 912 2584 ὁσον
940 2520 975 2584 έκ
997 2522 1060 2586 τάν
1078 2515 1228 2599 έξωθενῐ.
1242 2530 1328 2587 taos.

103 2617 269 2702 σχημάτων
291 2623 346 2682 καί
365 2615 547 2705 χρωμάτων
570 2623 627 2685 τοῦ
647 2644 680 2686 τε
703 2615 803 2703 ἤθους
825 2624 881 2687 καί
904 2625 966 2688 τάν
988 2626 1089 2707 λόγων
1110 2623 1199 2690 εἰκο-

107 2898 265 2963 experientia
291 2906 428 2968 utcunque
454 2915 505 2953 nos
524 2901 646 2968 edocuit,
671 2903 792 2955 dominus
815 2902 850 2955 iis
876 2903 1056 2972 principibus,
1081 2902 1126 2972 qui
1143 2917 1200 2956 non

108 2970 170 3020 omni
190 2980 319 3039 exparte
342 2986 446 3024 oausam
465 2980 545 3041 atque
571 2973 707 3026 licentiam
723 2973 901 3040 improbitatis
925 2975 1064 3039 dederuut,
1086 2972 1199 3026 calami.

107 3040 195 3092 tatibus
220 3051 310 3094 autem
334 3044 514 3098 subiectorum
538 3043 658 3098 sollicite
682 3044 745 3097 dexi
765 3046 793 3097 in
821 3045 1006 3098 humiliatione
1030 3045 1118 3097 cordis
1138 3060 1198 3097 eam

107 3110 233 3180 invocant,
253 3129 303 3182 pro
323 3117 428 3167 ratione
453 3131 549 3168 causae
574 3110 757 3170 misericordia
783 3131 873 3170 eorum
900 3124 1036 3185 permotus
1066 3115 1199 3184 supplicia

39 3228 48 3236 .
106 3181 144 3233 bic
162 3186 285 3256 indigere
305 3187 429 3252 videtur,
449 3203 501 3256 quo
522 3189 713 3255 expeditiorem
733 3191 760 3241 iu
781 3189 896 3241 futurum
922 3189 1018 3241 lrabeat
1036 3189 1197 3258 castigatio.
1242 3201 1249 3208 ·
1279 3191 1284 3200 ’

107 3269 167 3307 nem.
204 3259 245 3309 sin
265 3266 353 3310 autem
372 3260 507 3327 princeps,
527 3275 683 3328 quamquam
703 3261 788 3313 omnis
807 3260 994 3329 improbitatis,
1014 3277 1066 3329 qua
1085 3261 1118 3313 ad
1135 3258 1197 3327 pla-

107 3340 158 3376 uam
176 3330 322 3396 perniciem
342 3330 455 3382 subiecti
483 3332 667 3396 detruduntur,
695 3332 768 3384 solus
788 3341 880 3386 auctor
904 3340 955 3397 est,
973 3346 1027 3384 nou
1046 3333 1124 3384 modo
1145 3331 1197 3382 mi.

108 3411 175 3452 serae
195 3408 221 3452 et
240 3400 357 3453 afflictae
377 3416 468 3453 eorum
487 3403 609 3454 fortunae
628 3404 762 3455 duriorem
790 3419 819 3456 se
836 3404 948 3471 praebet
971 3418 1060 3472 neque
1078 3403 1197 3471 speciem

109 3470 202 3536 quidem
227 3488 275 3524 eos
300 3474 509 3526 commiserantis
532 3489 597 3541 prae
625 3489 655 3526 se
681 3475 742 3539 lert,
767 3490 860 3527 verum
883 3476 961 3526 ctiam
980 3474 1075 3528 iustum
1095 3490 1129 3526 ex
1146 3475 1197 3528 de-

109 3544 197 3594 mentia
214 3544 266 3596 sibi
285 3545 364 3596 sumit
381 3544 531 3609 arbitratus,
549 3546 577 3597 id
585 3547 737 3612 testimonio
758 3562 827 3610 esse,
848 3562 878 3599 se
896 3561 949 3597 non
966 3560 1105 3613 peccasse,
1126 3545 1197 3613 quod
1292 3549 1295 3555 '

109 3610 202 3676 ipsein
221 3615 409 3670 adversantes
428 3632 482 3668 uon
501 3617 619 3682 incidat,
641 3617 703 3670 huic
722 3631 815 3670 omues
833 3616 892 3673 illio
910 3617 1030 3670 turbines
1048 3619 1142 3685 igneos
1163 3615 1197 3667 ad

108 3695 209 3746 poenam
226 3696 357 3739 reservat.
395 3702 449 3740 uon
469 3689 538 3739 enim
558 3688 656 3740 sullicit
674 3688 852 3756 supplicium,
874 3688 943 3757 quod
962 3688 1007 3739 hio
1026 3688 1111 3757 indigi
1130 3701 1197 3754 pos-

108 3755 146 3818 sit,
165 3764 214 3808 tam
232 3760 336 3826 magnis
354 3765 434 3827 atque
451 3759 596 3812 audacibus
615 3760 772 3825 sceleribus,
792 3775 903 3829 quorum
923 3774 1022 3826 poenas
1042 3765 1151 3827 propter
1167 3773 1197 3810 se

108 3825 177 3880 debet
194 3838 219 3881 et
235 3837 347 3898 propter
365 3830 559 3883 multitudinem
583 3832 762 3884 subiectorum
782 3848 829 3884 sua
859 3831 938 3898 culpa
957 3831 1195 3898 pessumdatorum.

74 3937 76 3947 ,
108 3896 213 3950 officium
233 3903 302 3952 enim
316 3904 430 3967 pastoris
449 3904 559 3954 sortitus
573 3919 627 3955 uon
646 3903 732 3956 solum
751 3919 804 3955 non
819 3903 913 3954 babuit
926 3917 1014 3954 coram
1033 3902 1110 3972 gregi
1130 3915 1198 3952 con-

108 3971 259 4036 venientem,
284 3988 377 4025 veram
399 3975 477 4026 etiam
496 3975 642 4042 peruiciem
669 3976 694 4025 ei
712 3976 823 4041 profuse
842 3973 948 4038 attulit,
968 3981 1069 4026 utnon
1087 3972 1197 4040 praeie-
1290 4021 1293 4028 ,

109 4045 158 4090 ctus
175 4045 230 4095 eius
249 4052 330 4112 atque
348 4053 454 4111 pastor,
477 4047 524 4098 sed
536 4047 538 4051 '
551 4045 629 4112 lupus
648 4047 793 4098 videretur.
837 4059 930 4098 verum
949 4045 1027 4098 uobis
1046 4042 1197 4095 hominibus

108 4109 289 4176 improbitatem
311 4124 357 4167 aut
382 4117 505 4168 virtutem
529 4118 557 4169 in
583 4117 694 4168 alterius
725 4118 907 4185 cuiuscunque
934 4117 1014 4169 corde
1035 4115 1197 4168 reconditam

109 4179 223 4237 duntaxat
244 4185 372 4238 hactenus
398 4202 564 4258 cognoscere
584 4187 665 4252 licet,
685 4196 715 4239 ut
734 4202 767 4240 ex
787 4196 896 4241 externo
919 4186 1011 4254 babitu
1030 4203 1061 4239 ac
1080 4185 1198 4237 moribus

109 4253 242 4326 verbisque
266 4253 380 4332 obscura
404 4260 530 4328 quaedam
560 4260 658 4314 iudicia
678 4260 925 4336 deprehendamus.
968 4267 1082 4315 momen
1100 4253 1146 4312 vel
1165 4267 1198 4308 ex

988 4381 993 4414 l
