2992 4916
469 157 479 188 Ι

202 337 424 410 ursronun
446 338 703 410 sarnunto
730 344 884 412 xxxru.
907 329 1094 414 36-89.
1155 335 1228 414 nto

127 507 220 583 λάιιις
243 505 299 570 καί
321 503 373 570 ἀεὶ
393 506 578 590 πλήττονται
592 509 648 572 καί
664 505 753 572 λύκοι
770 507 873 595 μάτην
892 510 1057 596 κεχηνότες
1086 511 1227 577 δείκνυν-

128 632 184 672 ται
204 605 286 672 κατά
305 607 361 692 τὴν
379 606 565 694 παροιμίαν.
609 604 708 684 οὕτως
732 607 897 675 ἀναίδειαν
916 613 1025 678 πᾶσαν
1044 611 1227 677 ἐνδέδενται
1237 620 1256 675 i.
1267 621 1319 677 269
1327 636 1352 676 a.

128 709 186 774 καί
208 704 290 795 ἦθος
303 707 417 792 ι’ταμόν
436 708 492 772 κατ’
513 706 641 795 οὐδαμῇ
661 711 735 775 ποτὲ
747 708 998 795 ὑπισχνούμενον
1011 713 1068 799 τὴν
1085 713 1226 800 διδρθιυέ
1240 724 1293 778 88

129 834 193 875 σιτ.
237 808 308 876 δέον
328 808 390 895 γὰρ
414 808 526 885 αὐτοὺς
546 811 764 874 καταδύεσθαι
791 813 847 877 καὶ
875 814 1042 899 ἐρυθριᾶν,
1066 815 1100 879 οἳ
1118 817 1153 881 δὲ
1172 815 1230 881 καί

103 910 385 990 5ἀναισχυντοῦσί
400 934 453 996 γε,
484 908 525 975 τᾶ
551 911 653 994 μείζω
673 934 708 975 τε
739 913 795 976 κατ’
819 913 1030 1000 χαλεπώτερα
1058 915 1139 981 κατὰ
1166 920 1230 982 τᾶν

129 1012 226 1095 ἐμᾶν,
249 1008 292 1087 ὥς
315 1007 456 1097 εἴρηται,
479 1014 534 1076 νῦν
555 1034 589 1077 τε
610 1015 746 1098 δρῶντες
774 1015 830 1078 καί
850 1017 931 1099 δρᾶν
956 1016 1007 1081 ἀεὶ
1030 1017 1231 1096 ἀπειλοῦντες

130 1109 186 1189 ἔτι,
207 1111 345 1196 μηδενὸς
366 1114 457 1178 ἕνεκα
476 1114 601 1188 πάντας
625 1107 734 1200 ἑτέρου
754 1118 818 1179 τᾶν
836 1115 962 1180 πάντων
986 1112 1101 1200 ἢτοδς
1124 1121 1229 1184 ἐντεῦ-

129 1216 189 1276 θεν
211 1212 363 1298 ἐλέγχους
396 1212 448 1277 ἀεὶ
470 1213 617 1290 δεδιότες.
670 1211 713 1290 οἷς
743 1214 980 1300 ἀναγκάζεσθαι
1002 1218 1084 1300 κάμὲ
1106 1243 1228 1304 παραι-
1281 1271 1283 1276 ,

129 1321 205 1393 νεῖν,
230 1305 278 1392 οἷς
297 1312 440 1398 μετιέναι
459 1313 576 1389 τοάτας
598 1311 699 1381 ἔπεισι
725 1317 831 1403 φίλοις
850 1311 940 1380 οάσιν
960 1315 1051 1402 ἡμῶν
1071 1317 1152 1400 μετὰ
1172 1318 1229 1404 τὴν

87 1413 210 1500 ιθέμὴν
229 1417 384 1500 τελευτήν,
408 1415 587 1499 ζητεῖνκαὶ
609 1416 824 1502 παρατιθέναι
850 1427 907 1493 τὰς
936 1416 1018 1494 τέως
1039 1417 1144 1494 αὐτοῖς
1168 1418 1229 1484 ἀνᾶ

127 1523 245 1601 χεῖρας
268 1509 392 1600 ἑτέραις
414 1513 541 1600 ὁμοίαις
567 1518 623 1581 καί
644 1515 764 1599 ὁμοίως
792 1515 848 1603 ἀφ’
871 1515 1033 1603 ἡμετέρων
1054 1541 1227 1604 μετεγγρα-

132 1618 263 1703 φείσαις
285 1615 394 1702 ὀρθῶς
416 1620 589 1712 φριτητιᾶν,
620 1617 676 1682 καί
702 1622 842 1704 συνορᾶν
868 1615 987 1682 οὑτωσὶ
1005 1618 1150 1703 τάληθές.
1192 1644 1228 1684 το

117 1713 192 1804 ’γὰρ
214 1720 356 1784 τοιοῦτον
389 1717 487 1805 ἔγωγε
519 1720 589 1797 δέος
612 1718 831 1804 προκαθιστάς
859 1719 915 1785 καί
932 1716 1104 1804 πόρρωθεν
1124 1743 1229 1804 προα-

130 1822 299 1902 νασοβιᾶν,
321 1821 576 1898 πολλαπλασιάις
607 1810 878 1907 αάτάίδιαφόρων
898 1826 1137 1906 μετεγγραφαῖς
1158 1821 1227 1885 ἐδε-

86 1918 244 1992 15δοόκειν
270 1923 391 2007 χειρῶν
422 1920 560 2008 γράφειν
592 1920 700 2008 ὀρθῶς
731 1920 934 2006 ἠσκημένων,
968 1920 988 1984 ἀ
1019 1921 1078 2004 μὲν
1101 1922 1229 1998 οἰκείοις

131 2019 354 2104 ἀναλώμασιν,
387 2018 465 2086 citt
497 2022 603 2110 φίλοις
623 2023 847 2107 αἰτησαμένοις
880 2025 925 2098 εἰς
945 2023 1100 2099 πλοῦτον,
1125 2021 1227 2108 φάναι

129 2127 198 2185 κατ’
221 2120 343 2201 αάτοάς,
364 2121 451 2208 ἱερόν
469 2147 504 2189 τε
525 2123 580 2188 καὶ
603 2118 730 2189 ᾶσυλον.

225 2221 313 2290 Ἀλλ’
350 2224 383 2288 ἒν
413 2225 566 2302 τοιούτοις
600 2224 826 2312 ἀσχολουμένῳ
847 2249 882 2290 τε
911 2228 968 2291 καί
986 2227 1163 2310 μοχδοᾶντι
1182 2227 1229 2313 τῷ
1240 2243 1295 2293 89

129 2326 280 2412 Παλαμᾷ
302 2322 340 2404 τὰ
357 2327 414 2390 τοᾶ
444 2327 518 2408 βίου
541 2325 642 2412 πέρας
661 2328 752 2414 ἐπῄει
773 2328 862 2410 μάλα
894 2327 1007 2413 πικρόν
1026 2353 1057 2392 τι
1086 2328 1142 2392 κατ’
1176 2325 1227 2392 αἴ-

43 2485 50 2495 .
81 2438 277 2505 ἳθσχιοτον·
300 2429 347 2513 τρῖ
369 2425 431 2512 γὰρ
453 2428 586 2512 συνήθει
615 2427 784 2513 περιπετὴς
803 2426 938 2514 γεγονώς
959 2431 1051 2515 ἰλερῖ,
1072 2432 1127 2514 τῆς
1149 2429 1229 2494 ἀνα-
1248 2433 1255 2442 ”

126 2527 250 2609 τροπῆς
270 2524 392 2611 δηλαδὴ
414 2529 477 2591 τᾶν
498 2529 532 2592 έν
550 2529 592 2614 τῇ
613 2529 717 2618 κοιλίρι
741 2529 851 2595 σιτίων
871 2525 935 2593 ἀνω
955 2527 1010 2593 διὰ
1029 2530 1086 2592 τοτ’·
1106 2529 1227 2612 στόμα-

127 2626 266 2702 τος,καί
288 2626 369 2712 πρός
388 2651 423 2714 με
453 2628 609 2710 μανιώδει
639 2631 807 2717 φρενίτιδι,
829 2633 945 2712 βιαίως
964 2627 1058 2696 ὀὕτω
1081 2630 1137 2693 καί
1156 2631 1229 2696 λίαν

129 2727 252 2814 πικρᾶς
275 2724 440 2814 ἀπερράγη
471 2730 528 2792 τοῦ
550 2731 616 2814 ζῆν.
673 2725 808 2797 νᾶπειτα
840 2729 869 2795 οἱ
902 2729 1091 2818 αἳρεσιᾶται
1120 2729 1176 2794 κατ’
1198 2727 1229 2795 οἱ

129 3030 284 3100 proverbio.
329 3033 369 3085 sic
387 3031 458 3084 onrni
484 3032 646 3100 impudentia
671 3033 756 3086 induti
786 3039 848 3084 sunt
874 3039 901 3084 et
928 3031 1038 3100 ingenio
1063 3030 1131 3082 truci
1157 3032 1228 3099 quod

128 3118 261 3172 nunquam
283 3103 383 3172 corrigi
413 3119 493 3172 posse
511 3111 630 3172 apparet.
674 3119 752 3172 quoru
779 3105 849 3154 enirn
875 3104 982 3170 proprie
1008 3116 1053 3154 eos
1073 3103 1227 3155 summissos

129 3191 190 3228 csse
208 3183 237 3226 et
255 3175 415 3228 erubescere
443 3183 585 3242 oportent,
616 3176 782 3242 impudentes
801 3183 862 3226 sunt
882 3183 908 3225 et
928 3175 1053 3241 graviora
1081 3175 1228 3241 peioraque

127 3248 265 3298 inurent
294 3247 392 3298 dietum
412 3254 453 3299 est
469 3262 541 3299 nunc
570 3255 652 3315 agunt
678 3253 705 3298 ct
722 3261 827 3313 semper
853 3261 936 3314 ogere
964 3247 1097 3298 minentur
1117 3253 1228 3311 propter

127 3316 228 3370 nuliam
248 3319 355 3370 omnino
382 3317 461 3369 oliam
486 3333 591 3370 censam
621 3333 697 3386 quom
717 3316 788 3387 quod
817 3318 1015 3369 criminationes
1041 3316 1103 3367 inde
1123 3316 1225 3369 timent.

127 3390 166 3440 ite
184 3396 213 3440 ut
231 3404 282 3458 ego
296 3404 402 3458 quoque
420 3397 529 3442 enectus
550 3391 609 3454 sim,
628 3390 721 3441 amieis
741 3403 851 3457 quorum
873 3389 924 3440 erit
942 3396 1003 3455 post
1014 3395 1124 3438 mortem
1142 3402 1228 3440 meam

128 3475 161 3512 es
179 3460 275 3525 odire,
306 3461 418 3514 sundere
442 3469 472 3512 nt
489 3461 623 3529 inquirant
649 3468 676 3513 et
706 3469 864 3526 componunt
891 3461 1039 3527 scripturae
1066 3459 1228 3525 exemplnris

128 3547 197 3600 quoe
218 3547 275 3582 cum
298 3531 395 3584 ceteris
414 3531 545 3585 similibus
564 3533 723 3601 transcripto
745 3533 797 3585 sint
826 3532 976 3600 etquidem
998 3539 1072 3582 recto
1090 3530 1157 3582 hnec
1177 3531 1227 3583 nb.

127 3602 241 3655 ssseelis
259 3605 368 3667 nostris,
388 3611 415 3655 et
431 3605 468 3655 itu
487 3613 516 3656 ut
532 3605 683 3657 discernunt
702 3620 803 3657 uerum.
826 3603 897 3654 hunc
918 3603 986 3654 enirn
1006 3603 1126 3655 timorem
1148 3618 1227 3670 quum

128 3689 181 3742 ego
201 3676 396 3740 protexuissem
426 3683 452 3725 et
469 3674 575 3743 longius
603 3678 630 3727 in
648 3691 690 3728 mc
711 3677 878 3739 excitssscm,
893 3674 988 3726 tradidi
1008 3689 1039 3724 cn
1058 3688 1126 3740 quoe
1146 3675 1228 3724 variis

126 3746 376 3814 transcriptionibus
401 3747 566 3798 diversorum
591 3762 713 3798 manuum
743 3746 813 3797 bene
846 3746 1021 3797 exercitorum
1046 3743 1227 3795 scriberentur

129 3817 226 3887 portior
246 3834 314 3885 queo
339 3818 485 3870 domestico
512 3819 539 3868 in
558 3833 607 3869 usu
626 3823 731 3880 essent,
750 3816 844 3883 partim
870 3830 938 3884 quae
958 3815 1050 3867 amicis
1070 3815 1226 3884 rogantibus

125 3888 266 3941 thesaurus
287 3897 317 3940 nt
334 3891 371 3942 its
390 3890 480 3941 dicunt
500 3896 591 3940 essent
608 3903 684 3940 sacer
705 3894 733 3939 et
751 3885 926 3939 inrioinbilis.

226 3984 278 4036 Scri
291 3985 395 4036 intereo
415 4000 498 4052 opere
519 3991 547 4035 et
567 3982 661 4036 labore
682 3991 812 4051 occupato
835 3982 957 4035 Pnlnrnne
977 3983 1049 4035 vitae
1069 3986 1155 4036 exitus
1176 3984 1225 4034 nd.

124 4057 230 4108 modurn
247 4055 359 4107 acerbus
379 4064 406 4109 et
424 4057 508 4124 turpis
527 4057 654 4120 advenit,
675 4071 753 4124 quum
772 4055 904 4107 incideret
929 4057 956 4106 in
976 4063 1132 4108 consuetum
1151 4069 1226 4106 mor.

124 4129 186 4182 bnur
205 4129 400 4194 intestinorum,
420 4142 472 4197 qno
494 4128 547 4179 cibi
568 4143 601 4179 ex
620 4124 700 4179 alveo
719 4142 768 4194 per
781 4141 811 4182 os
825 4127 1038 4191 retrudebantur,
1057 4133 1084 4178 et
1100 4129 1127 4178 in
1146 4139 1225 4176 rnen.

125 4200 160 4252 tis
180 4198 320 4263 delirium,
344 4200 381 4251 its
398 4209 428 4252 ut
456 4198 590 4252 violenter
611 4206 636 4250 et
655 4198 752 4251 acerbe
781 4199 871 4252 crito
902 4199 1026 4267 abreptus
1045 4199 1090 4251 sit.
1109 4231 1110 4234 =
1129 4195 1225 4248 deinde

125 4283 193 4324 vero
215 4268 345 4323 baeretici
370 4270 416 4324 rel
434 4273 547 4325 nerine
565 4271 672 4342 cognati
698 4278 724 4323 et
750 4271 870 4327 consocii
898 4273 973 4337 cius,
1001 4271 1100 4340 quiquo
1125 4269 1226 4337 puriter
