2992 4918
169 341 173 348 '
272 321 320 398 56
525 323 530 340 ’
572 325 797 398 utcmnonr
825 320 1056 393 GREGORAE

271 497 335 559 δαν
355 491 507 573 οἶξιοόντι,
523 490 579 556 καί
598 490 687 566 εἴτις
702 490 751 575 εἴη
767 493 830 556 ταῖν
849 493 922 555 καθ’
937 482 1018 572 αἷμα
1034 485 1256 575 προσηκόντων
1276 481 1374 577 αότηί,

271 593 369 676 σ’ργῆς
390 590 481 666 θείας
498 591 652 676 διαδοχὴν
672 593 809 678 α’φιὲντα
832 594 929 656 πᾶσιν
948 585 1058 666 αότοῖς
1080 593 1274 676 προφανῶς,
1297 584 1315 652 ό
1338 590 1375 655 dt
1481 657 1482 690 ρ

269 717 311 777 με
332 696 396 758 τῶν
417 692 574 776 ἐχθίστων
595 690 740 774 ἐνόμισεν
762 693 818 757 ἕνα
836 694 879 755 δι’
900 686 921 756 ό
941 715 982 775 με
1002 695 1123 773 μᾶλλον
1143 689 1186 766 ὥς
1208 692 1376 775 εὐεργέτην
1481 727 1482 738 1

271 801 376 882 φιλεῖν
399 794 505 879 ἐχρῆν.
526 795 580 857 κοί
594 789 645 858 ότι
659 796 778 875 μᾶλλον
797 787 874 877 εἶχε,
890 794 951 859 τεόν
971 795 1134 878 σκήπτρων
1148 795 1375 877 ἐπειλημμένος

270 898 326 960 καί
352 891 545 980 δυνάμενος,
579 893 666 982 εἴπερ
690 893 857 978 ἐβούλετο,
880 893 939 978 τὴν
966 891 1064 981 φόσιν
1091 890 1251 960 δεικνόναι
1275 894 1308 957 ἐν
1329 895 1400 982 τῷὸ
1482 920 1483 982 ρ

271 997 425 1086 καλλίστῳ
444 1001 498 1081 τῆς
518 992 643 1082 γνοόμης
664 999 818 1082 κειμένην,
849 994 867 1060 δ
898 999 927 1060 δ’
949 997 1131 1078 ιινεκοίλυψε
1153 996 1283 1077 δέσμιον
1303 986 1376 1060 ὄνθ’

149 1169 159 1178 .
271 1094 385 1163 ἔαυτόν
400 1106 465 1172 τοῖς
490 1100 524 1161 ἐκ
546 1099 720 1185 διαμέτρου
734 1107 860 1179 κακοῖς,
884 1098 1000 1182 σκηνήν
1028 1095 1066 1161 τό
1090 1099 1165 1183 πρίν
1186 1099 1241 1160 καί
1263 1096 1374 1178 δρᾶμα

270 1196 430 1285 ἐφήμερον
452 1190 527 1263 όντα
549 1200 654 1277 δείξας
678 1193 791 1263 ἅπαντ’
816 1201 906 1264 ἐκεῖν’
928 1201 962 1263 ἐν
984 1202 1111 1284 βραχεῖ.
1136 1193 1186 1261 διό
1209 1218 1266 1279 μοι
1285 1199 1390 1264 aem.
1483 1225 1484 1260 t

270 1297 385 1380 μα’ζειν
410 1302 553 1384 περίεστι
592 1298 666 1377 τοός
694 1299 816 1385 σοφοός
845 1301 878 1364 οί
904 1324 1003 1388 φασιν
1024 1301 1141 1363 ἐκεῖνον
1162 1300 1238 1381 περί
1260 1295 1375 1382 φίλους
1483 1289 1484 1320 ³

271 1400 399 1488 ἑδραῖον
419 1395 474 1466 κατ’
492 1401 627 1483 μόνιμον
641 1395 724 1466 εἶναι
746 1399 918 1484 δυ’νοσθαι,
943 1392 1030 1490 ᾧμὴ
1053 1401 1221 1489 φιλοδοξία
1239 1395 1376 1482 λατρεό-
1387 1403 1420 1458 1⁰

261 1529 320 1570 κειν
342 1500 465 1568 ἔνεστι*
517 1506 562 1590 aqi
596 1499 656 1586 γόρ
689 1525 737 1566 τοι
764 1503 994 1588 φιλοδοξοῦντι
1021 1499 1104 1590 φίλῳ
1131 1493 1213 1564 εἶναι
1246 1499 1374 1575 πόντως
1484 1543 1485 1550 1

272 1607 370 1670 ἔσοιτ’
401 1595 441 1666 όν
469 1603 570 1668 ου’τοό
590 1603 625 1684 γε
648 1600 841 1686 όνθροόπσυ,
870 1599 918 1667 ότι
941 1602 987 1687 μη
1009 1605 1065 1686 τῆς
1088 1598 1294 1687 α’νδριαιτίνης
1315 1597 1374 1665 δό-

271 1709 346 1788 ξης,
368 1693 405 1786 ἧς
434 1685 525 1766 basaa
548 1699 651 1766 πάντα
688 1704 747 1790 δρᾷ
776 1702 831 1767 καί
858 1703 955 1768 πόσιν
977 1704 1137 1787 ἐγχειρεῖ,
1173 1704 1228 1766 καί
1254 1700 1373 1786 χρόνον

272 1804 463 1887 στοχάζεται
498 1805 554 1868 καί
578 1798 693 1887 τόχαις
722 1803 834 1886 όμιλεῖ
857 1807 1078 1880 παντοδαπαῖς
1101 1791 1156 1868 καί
1183 1804 1287 1891 ῥᾷστα
1306 1807 1373 1877 τοίς
1485 1853 1486 1868 2

272 1908 336 1971 τόν
356 1901 450 1989 τδραῗν
473 1896 733 1986 συμμεθίστατοι
754 1902 863 1990 κόβοις
883 1909 1111 1990 χαμαιλέοντος
1131 1902 1268 1991 τρόπον,
1292 1927 1375 1968 παν-
1387 1915 1420 1969 15

159 2008 164 2026 ’
214 2010 223 2018 ‘
271 2007 411 2091 τσχόθεν
430 2007 633 2092 τῆςγνοόμης
654 2012 741 2098 ου’τῷ
761 2011 1063 2094 πραγματευομένης
1084 2009 1251 2089 εδκαιρίανἰ
1273 2005 1373 2070 εἰπεῖν

272 2109 519 2191 κακοδαιμονίας
554 2110 609 2172 καί
635 2111 693 2173 τοό
719 2108 761 2174 τό
783 2105 901 2174 ἑαυτοῦ
929 2106 1024 2174 πιστοὶ
1051 2115 1116 2182 τοῖς
1138 2110 1233 2172 πόσιν
1255 2097 1372 2172 όπιστα

272 2199 444 2274 δεικνόναι.
487 2208 604 2292 γίνεται
640 2205 830 2298 γόριρηἷστα
849 2212 909 2292 μὲν
935 2205 1057 2292 ἐχθρός
1080 2199 1126 2283 οἷς
1149 2203 1251 2272 ἐδόκει
1271 2206 1374 2292 φίλος,

207 2310 375 2399 Ιιρᾷστα
400 2313 429 2375 δ’
459 2315 625 2393 ἐπίβουλος
645 2306 693 2388 οἷς
716 2309 847 2395 ἔναγχος
877 2307 981 2377 ἐδόκει
1002 2307 1193 2393 σύμβουλος.
1234 2300 1287 2393 ’,οὗ
1306 2317 1376 2391 χεῖ.

271 2435 326 2494 ρον
345 2413 406 2494 μὲν
435 2412 529 2475 ου’δδν
558 2413 591 2476 ἒν
622 2410 815 2501 βίφρηίδιον
837 2405 925 2496 οἶμαι
954 2410 1079 2497 εδρεῑν,
1100 2405 1245 2494 καθάπερ
1273 2403 1318 2476 αδ
1340 2406 1422 2482 ἔκοο

272 2513 447 2596 διαμέτρου
469 2515 528 2577 τοό
548 2517 648 2579 καλοῦ
669 2536 703 2576 τε
729 2516 786 2578 καί
802 2514 938 2595 μονίμου
960 2515 1083 2595 βέλτιον
1107 2509 1209 2578 ου’δδν.
1251 2510 1376 2587 τούτοις

272 2612 303 2675 δ’
325 2605 445 2678 όίπασιν
476 2610 683 2681 ἐπιστατοόσι
714 2617 774 2698 μὲν
801 2615 956 2698 μυστικοί
982 2636 1063 2690 τινες
1095 2611 1182 2700 λόγοι
1211 2611 1374 2698 προνοίας,

274 2901 349 2948 ce'ret
367 2893 448 2949 saluti
468 2893 613 2948 liberorum
634 2902 661 2975 qt
681 2895 782 2965 siquis
803 2895 1009 2965 sanguineorum
1028 2896 1182 2964 attingeret,
1203 2894 1374 2965 quippequi.

274 2967 325 3020 bus
346 2966 467 3020 omnibus
491 2967 632 3020 manifesto
654 2968 711 3019 irae
735 2968 844 3020 divinas
865 2967 1009 3020 vindictam
1028 2968 1056 3018 iu
1077 2974 1211 3034 posterum
1229 2967 1374 3021 relicturus

275 3047 358 3104 esset,
377 3054 420 3091 me
438 3038 490 3092 sibi
509 3039 720 3091 inimicissimum
738 3039 773 3090 ob
794 3054 825 3090 ea
837 3039 919 3103 ducit,
930 3037 964 3090 ob
972 3054 1040 3108 quae
1057 3054 1101 3090 me
1119 3040 1209 3106 potius
1226 3046 1257 3090 ut
1273 3041 1374 3107 optime

275 3111 309 3164 de
329 3126 360 3164 se
380 3112 503 3162 meritum
522 3125 611 3162 amare
631 3108 753 3160 debebat.
779 3117 860 3178 atque
878 3125 958 3177 quum
975 3110 1090 3162 maxime
1108 3110 1221 3177 imperio
1240 3120 1373 3179 occupato

274 3190 394 3233 naturam
415 3183 515 3248 optima
533 3180 667 3233 sentiendi
684 3181 789 3231 ratione
807 3182 938 3246 indutam,
957 3183 981 3233 si
1001 3180 1103 3245 vellet,
1125 3181 1253 3234 exhibere
1271 3191 1373 3250 posset,

274 3251 324 3303 ille
343 3251 417 3304 vitiis
436 3259 545 3318 prorsus
565 3251 597 3302 ab
613 3265 645 3302 ea
664 3250 866 3304 abhorrentibus
886 3269 946 3304 sese
966 3252 1122 3305 obstrictum
1140 3255 1228 3306 teneri
1245 3252 1373 3306 luculcn.

274 3330 316 3374 ter
337 3323 531 3374 demonstravit
550 3330 586 3387 ct,
605 3337 781 3390 quaecunque
795 3331 872 3376 antea
892 3323 1017 3388 fecisset,
1038 3339 1070 3375 ea
1089 3325 1176 3376 omnia
1199 3322 1268 3375 nihil
1288 3325 1373 3377 fuisse

273 3393 327 3445 nisi
346 3407 452 3445 socnam
474 3401 500 3444 et
518 3392 699 3460 spectaculum
718 3394 751 3446 ad
771 3401 875 3463 tempus
894 3395 992 3447 aditum
1017 3396 1095 3447 brevi
1111 3395 1278 3448 manifestum
1298 3396 1373 3447 iecit,

276 3479 359 3532 quare
384 3478 439 3516 nou
464 3479 571 3530 possum
595 3479 649 3516 non
676 3466 851 3518 admiratione
878 3467 1004 3536 prosequi
1027 3468 1179 3534 sapientes,
1206 3467 1252 3535 qui
1273 3467 1373 3530 d'mant,

277 3551 336 3586 cum
355 3534 428 3586 firma
451 3544 531 3603 atque
550 3535 639 3588 stabili
658 3548 748 3588 amore
770 3537 894 3605 amplecti
916 3539 1015 3590 amicos
1035 3553 1125 3605 posse,
1144 3540 1236 3607 inquo
1254 3553 1310 3590 non
1327 3539 1374 3590 in.

275 3606 311 3658 sit
331 3606 461 3672 cupiditas
480 3605 585 3674 gloriae
604 3608 780 3661 inserviendi.
802 3609 907 3678 gloriae
928 3611 997 3661 cuim
1009 3610 1155 3677 cupiditate
1173 3611 1299 3662 incensus
1317 3624 1373 3662 non

274 3677 376 3744 poterit
395 3676 495 3728 bomini
512 3679 563 3746 ipsi
583 3681 683 3732 amicus
702 3695 772 3743 esse,
791 3679 838 3732 sed
858 3681 963 3749 gloriae
982 3682 1051 3748 apud
1062 3680 1183 3735 homiues
1191 3681 1373 3750 colligendae,

276 3749 353 3801 cuius
376 3764 456 3800 causa
475 3751 565 3801 omnia
582 3753 647 3819 agit,
668 3753 756 3802 omnia
775 3753 896 3819 suscipit,
918 3752 1082 3820 temporibus
1101 3753 1225 3817 inservit,
1242 3754 1274 3806 ad
1284 3753 1374 3820 quod-

275 3818 343 3871 libet
361 3819 485 3872 fortunae
503 3837 587 3890 genus
604 3838 666 3874 sese
685 3822 821 3889 applicat,
843 3822 973 3876 facillime
991 3823 1135 3876 secuudum
1158 3831 1305 3890 temporum
1328 3825 1375 3876 vi.

155 3921 164 3927 -
276 3890 447 3944 cissitudines
467 3890 682 3946 Chamaeleontis
704 3895 757 3945 ritu
772 3897 834 3948 'sese
853 3902 1004 3958 commutat,
1023 3896 1110 3946 animo
1129 3895 1307 3964 undecunque
1322 3910 1375 3962 op.

275 3963 467 4029 portunitatem
487 3973 625 4032 captante,
651 3980 702 4034 quo
723 3965 840 4018 furorem
860 3981 950 4030 suum,
969 3974 998 4018 ut
1016 3967 1054 4018 ita
1073 3967 1175 4032 dicam,
1187 3967 1329 4019 'exhibeat
1348 3973 1376 4017 et

276 4032 355 4084 fidem
377 4035 498 4088 omnibus
516 4037 651 4089 infidelem
668 4044 795 4104 praestet.
840 4037 967 4090 facillime
988 4039 1058 4090 enirn
1078 4039 1202 4091 iuimicus
1221 4039 1259 4102 iit,
1278 4037 1375 4106 quibus

275 4104 378 4157 amicus
399 4106 548 4172 videbatur,
569 4107 697 4160 facillime
715 4109 825 4162 insidias
845 4113 934 4174 struit,
954 4109 1048 4177 quibus
1066 4125 1152 4177 nuper
1167 4108 1311 4162 consulere
1330 4109 1376 4160 vi-

276 4174 400 4241 debatur,
420 4193 472 4246 quo
492 4180 570 4248 peius
591 4181 732 4248 quidquam
756 4183 784 4232 in
803 4181 858 4234 vita
874 4196 928 4233 non
948 4180 1029 4232 facile
1046 4182 1183 4235 inveneris
1208 4182 1287 4234 sicuti
1307 4194 1376 4232 eon.

277 4253 320 4298 tra
338 4246 453 4303 honesto
473 4259 499 4304 et
522 4252 655 4305 constanti
676 4249 782 4306 homins
801 4252 871 4305 nihil
899 4261 940 4305 est
962 4253 1149 4320 praestantius.
1194 4253 1261 4306 hacc
1288 4252 1377 4304 omnia
