2952 4902
212 335 438 406 rrrsroane
466 319 1058 406 emmerammum-19.
1148 324 1202 446 et·

99 495 239 583 α’λληλισν
262 500 506 581 διαζευχθεῖσαι
527 498 608 563 κατὰ
626 501 723 568 πλείατ
745 500 800 564 καί
821 497 901 586 ἥττω
916 525 951 586 γε
975 503 1069 588 μέρη,
1085 502 1123 568 οἳ
1139 505 1199 582 μέν

98 597 127 674 ἒς
149 597 284 682 Κρήτην
307 600 599 682 παλινδρομοόσιν,
637 601 675 666 αἳ
701 603 736 666 δὲ
759 605 797 690 τῇ
819 603 939 692 Εόβοίρ
973 600 1198 685 προσοόκειλαν,

97 700 130 765 αδ
147 703 180 764 δὲ
201 703 266 766 τοῖν
281 697 461 765 Κυκλάδων
482 696 608 784 ἥψαντο
630 703 743 786 ιη’σων.
788 703 869 767 ένιαι
893 707 928 768 δέ
952 703 1007 769 καί
1025 702 1197 786 duellem,

96 801 226 885 βρόχεσι
250 803 309 864 καί
328 800 517 882 τεναγσόδεσι
537 798 646 877 τόποις
667 802 778 879 νυκτός
798 803 1083 888 προσρηγνόμεναι.
1127 808 1198 869 έπεί

75 904 124 966 5d'
143 904 176 976 ἐς
208 902 366 966 Βενετίαν
393 903 505 984 σφίσιν
526 898 688 968 ἐπανιέναι
718 903 775 968 οόκ
805 899 841 986 η’ν
865 902 1003 994 (τόιγόρ
1026 900 1111 984 ἅπαξ
1132 907 1201 969 ἐκεῖ

96 1006 255 1089 κρῖ-βουλῇ
286 1005 433 1086 κυρωθὲν
461 995 564 1068 όλυτα
596 1000 696 1085 νόμον
727 1007 879 1088 ἰσχύοντα
911 999 991 1070 εἶναι
1014 1010 1195 1089 συμβαίνει,

96 1101 169 1169 εἶναι
190 1107 220 1168 δ’
245 1105 356 1178 αότοΐς
379 1104 500 1168 έκεῖθεν
521 1099 793 1188 προστεταγμένον
823 1108 912 1171 δυοῖν
932 1105 1081 1190 θάτερον,
1105 1100 1125 1189 ἢ
1147 1130 1197 1169 νι-

95 1203 184 1287 κητδς
206 1207 377 1270 ἐπανιέναι
400 1205 462 1269 τοῖν
484 1208 651 1286 πολεμίων,
673 1201 694 1289 ἢ
719 1207 876 1286 πολεμίοις
899 1199 967 1287 όμα
989 1206 1110 1282 πόντος
1133 1205 1201 1271 έκεϊ

96 1309 253 1391 σφαγῆναι
276 1302 397 1390 χερσί,
429 1311 471 1394 τῷ
494 1307 521 1368 δ’
544 1300 647 1381 ἄλλως
673 1305 831 1373 ἐπανιόντι
861 1306 1003 1372 θόνατσν
1031 1304 1113 1373 εἶναι
1142 1306 1196 1373 τόν

62 1406 257 1488 Ιθσῖσχιστον
286 1407 504 1494 τούπιτίμιον,
532 1405 655 1492 δπόσης
680 1401 873 1493 ’προφάσεως
895 1411 974 1474 Ιλίαν
999 1409 1195 1494 ὑπέρτερον),

95 1511 134 1583 είς
153 1505 300 1590 όνόγκας
320 1499 419 1594 ᾔεσαν
434 1502 557 1572 ἅπασαι
578 1507 637 1583 τός
658 1507 768 1591 adroic,
790 1508 873 1573 εόθό
888 1512 1069 1588 Βυζαντίου
1095 1511 1195 1575 έλαό-

95 1631 152 1672 νειν
173 1605 402 1692 ἑκασταχόθεν
417 1607 545 1684 όπόσας
564 1611 598 1674 έν
618 1609 764 1698 όμοίρτῇ
784 1607 905 1700 γνιόμη.
949 1613 1066 1696 συνέβη
1087 1615 1194 1677 τοίνυν
1204 1626 1260 1677 1⁹

96 1713 217 1792 συχνῶν
241 1707 373 1794 ἦμερῶν
391 1709 558 1794 σποράδας
579 1713 755 1796 ἠθροῖσθαι
779 1711 918 1797 τριήρεις
939 1714 973 1776 έκ
993 1710 1112 1777 τούτων
1136 1709 1194 1775 δόο

100 1811 150 1874 καί
168 1810 395 1896 ὀγδοήκοντα,
417 1813 454 1877 αδ
471 1810 508 1895 δη“
538 1812 594 1877 καί
612 1811 691 1894 μετό
713 1811 820 1896 βραχό
846 1818 1063 1879 κατέπλευσαν
1080 1811 1112 1889 ές
1138 1816 1198 1878 Τέ-

64 1914 179 1978 15νεδον
200 1909 295 1996 μάλα
316 1912 424 1993 μόλις·
472 1916 606 1996 χειμαῖνι
637 1911 699 1996 γόρ
729 1917 916 1997 περιέτυχον
942 1907 1049 1995 αὖθις,
1078 1916 1196 2004 μετρίῳ

97 2017 159 2094 μέν,
179 2017 337 2097 ἐνέτυχον
358 2017 384 2078 δ’
406 2007 475 2079 σόν.
535 2014 657 2099 ἡμέρας
678 2017 706 2078 δ’
731 2017 799 2078 ἐκεῖ
816 2013 937 2097 συχνός
962 2021 1197 2100 περιμείναντες
1223 2005 1252 2086 ’,

97 2117 148 2178 τοῦ
165 2105 341 2198 χειμερίου
366 2113 544 2197 κλόδανος,
567 2109 641 2180 όσον
660 2113 804 2202 ἐφικτόν,
835 2110 950 2193 ἑαυτοῖς
971 2112 1196 2197 ἀνελάμβανον.

98 2221 202 2281 νοτίων
227 2219 259 2280 δ’
281 2211 392 2281 ἔπειτα
414 2225 525 2293 πνοαῖς
546 2219 579 2294 ἐξ
601 2217 713 2301 ου’ρίας
728 2220 902 2299 γενομένων
923 2209 1112 2302 α’νὴχθησαν
1136 2220 1198 2280 iea-
1262 2209 1266 2217 ¹

99 2321 160 2381 θεν.
204 2321 284 2401 περί
317 2320 353 2382 δέ
377 2320 484 2403 δείλην
505 2319 604 2404 durius
631 2319 813 2393 α’ντιπιοίας
840 2322 1006 2404 γενομένης
1031 2320 1142 2404 σφίσιν
1163 2319 1198 2382 έν

65 2417 246 2508 λθπρηόρας,
268 2421 310 2505 ,ές
339 2420 418 2499 μίαν
442 2422 503 2483 τῶν
534 2422 567 2485 έν
589 2420 784 2508 Χερρονήσῳ
808 2421 925 2485 πόλεων
947 2421 1213 2509 προσωρμιοθη-;

99 2545 174 2601 σαν,
196 2523 401 2603 καλουμένην
423 2520 552 2606 Σηστόν.
606 2524 749 2586 κάκεῖθεν
779 2517 876 2597 αὖθις
898 2519 978 2604 μετό
1001 2522 1119 2597 πολλός
1140 2520 1197 2597 τός

100 2618 216 2706 ἡμέρας
233 2623 439 2702 ἐξέπλευσαν,
463 2618 555 2686 νότου
576 2626 720 2702 μαλακοῦ
738 2625 797 2704 μέν
817 2620 874 2706 την
893 2616 997 2706 όρχὴν
1018 2625 1197 2708 γενομένου,

100 2725 333 2805 ιραχυνθέντος
355 2724 383 2785 δ’
406 2722 439 2798 ές
459 2720 517 2806 τη“ν
536 2722 706 2808 ὑστεραίαν
734 2727 886 2788 τοσοῦτον
907 2718 984 2789 aiere
1006 2725 1099 2806 μόλις
1121 2724 1197 2789 έδυ-

103 3041 151 3085 tnm
171 3037 200 3086 in
220 3034 345 3104 singulos
363 3035 409 3088 vel
427 3035 543 3088 maiores
561 3036 607 3089 vel
627 3036 748 3093 minores.
762 3044 850 3104 partes
870 3036 973 3089 divisae
988 3036 1082 3104 partim
1090 3036 1196 3091 Cretam

103 3107 228 3172 redeunt,
248 3108 344 3175 partim
371 3107 404 3158 ad
422 3107 558 3160 Euboeam
577 3107 747 3172 deierantur,
768 3110 861 3176 partim
881 3106 982 3159 insulas
1002 3106 1133 3174 Cyclades
1151 3115 1196 3160 te.

103 3185 169 3230 neat.
211 3178 366 3246 complures
384 3192 468 3231 naves
486 3179 630 3243 intereunt,
649 3187 728 3230 nocte
747 3181 775 3230 in
793 3178 889 3232 brevia
908 3188 988 3247 atque
1014 3181 1111 3232 vadosa
1135 3179 1197 3232 loca

104 3249 254 3317 compulsae
273 3257 354 3318 atque
374 3251 537 3302 confractae.
575 3266 654 3319 quum
674 3259 761 3303 autem
781 3251 906 3303 Venetiae
926 3251 1014 3302 redire
1032 3251 1066 3304 iis
1082 3267 1135 3304 σοσ
1157 3251 1196 3303 li.

106 3328 173 3372 ceret
192 3323 281 3391 (qued
309 3321 378 3372 euim
397 3321 480 3374 semel
499 3337 514 3373 a
533 3330 626 3373 senatu
652 3322 786 3374 decretum
813 3330 868 3387 est,
892 3324 918 3375 id
944 3321 1024 3374 lrabet
1050 3324 1103 3376 vim
1125 3323 1196 3391 legis

106 3391 281 3445 firmissimae:
306 3393 339 3445 alr
365 3407 397 3444 eo
425 3400 512 3445 autem
537 3394 692 3461 imperatum
722 3402 795 3458 erat,
825 3403 855 3446 ut
879 3403 924 3446 aut
942 3394 1060 3447 victores
1078 3395 1197 3446 redirent

105 3470 146 3512 aut
162 3480 256 3517 omnes
278 3464 394 3517 hostium
413 3464 532 3516 manibus
552 3466 781 3518 interficerentur:
801 3464 880 3516 aliter
899 3466 943 3533 qui
963 3465 1072 3530 rediret,
1092 3466 1197 3518 foedis.

106 3533 165 3587 sima
182 3552 253 3588 nece
272 3536 392 3603 puditum
417 3536 467 3600 iri,
493 3551 561 3604 quae
589 3534 665 3587 nullu
690 3543 829 3604 praetextu
854 3531 982 3605 nulleque
1007 3552 1087 3589 causa
1110 3537 1197 3588 averti
1306 3604 1308 3606 v

107 3611 215 3678 posset),
235 3623 314 3676 quum
334 3608 374 3658 sic
393 3621 423 3657 se
436 3608 518 3676 igitur
529 3623 572 3659 res
584 3605 704 3672 haberet,
723 3623 814 3660 omnes
834 3608 923 3660 eadem
936 3610 1097 3660 necessitate
1111 3609 1197 3660 coacti
1305 3607 1306 3610 ’

107 3677 217 3747 undique
240 3678 322 3731 simili
342 3677 457 3730 consilio
476 3686 550 3729 recta
568 3678 726 3746 Byzantium
748 3695 852 3732 cursum
871 3679 1003 3731 direxere.
1040 3681 1080 3733 lte
1100 3679 1196 3731 iactum
1374 3677 1380 3684 '

109 3757 152 3812 est,
174 3759 203 3801 ut
223 3765 257 3801 ex
275 3749 426 3802 triremibus
442 3749 498 3801 illis
516 3748 613 3802 multos
638 3751 695 3802 dies
719 3751 846 3818 dispersis
873 3751 1008 3819 octoginta
1034 3751 1101 3803 duae
1129 3765 1197 3802 con.

109 3821 243 3886 venirent,
264 3835 333 3889 quae
352 3821 429 3872 brevi
451 3829 572 3888 tempore
591 3823 749 3889 interposito
775 3823 821 3874 vix
846 3837 981 3891 aegreque
1001 3821 1132 3874 Tenedum
1153 3831 1197 3874 te.

108 3891 210 3955 nebant,
231 3907 311 3960 quum
330 3892 426 3942 iterum
445 3893 676 3958 intempestatem
696 3894 855 3963 inciderent,
874 3893 1002 3944 modicam
1014 3893 1129 3962 quidem,
1149 3894 1196 3945 sed

108 3969 287 4029 tempestatem
306 3970 404 4013 tamen.
442 3963 479 4014 ibi
498 3962 602 4030 aliquot
627 3964 683 4016 dies
710 3965 862 4015 commorati
882 3979 961 4032 quum
991 3981 1023 4016 ex
1049 3972 1197 4031 tempesta.

109 4039 156 4082 tum
175 4032 355 4102 lacteumque
377 4032 536 4098 calamitate,
556 4043 680 4102 quantum
700 4036 757 4086 lieri
778 4034 865 4102 potuit
879 4051 939 4087 sese
957 4044 1135 4099 recreassent,
1147 4051 1196 4085 au.
1308 4034 1314 4040 '

109 4111 157 4154 stru
178 4105 296 4156 secundo
316 4104 397 4156 llante
417 4106 521 4158 oriente
540 4105 598 4156 sole
618 4107 645 4158 iu
663 4105 744 4158 altum
754 4106 876 4173 provecti
895 4115 974 4171 sunt;
993 4107 1041 4159 sub
1056 4121 1197 4174 vesperam

112 4184 192 4226 autem
212 4177 326 4228 adversa
350 4184 507 4242 tempestate
529 4183 621 4228 exorta
648 4176 809 4246 appulerunt
834 4178 866 4229 ad
893 4179 983 4229 urbem
1015 4179 1141 4247 quandam
1170 4179 1196 4227 in

112 4245 275 4300 Cherroneso
290 4249 377 4314 sitam,
391 4263 460 4316 quae
473 4247 563 4303 Sestus
576 4249 681 4301 dieitur.
701 4250 762 4301 inde
776 4250 865 4302 multis
877 4249 974 4318 elapsis
985 4249 1077 4302 dicbus
1094 4250 1197 4302 disces·
