<?xml version="1.0" encoding="UTF-8"?>
<!DOCTYPE html PUBLIC "-//W3C//DTD XHTML 1.0 Transitional//EN"
    "http://www.w3.org/TR/xhtml1/DTD/xhtml1-transitional.dtd">
<html xmlns="http://www.w3.org/1999/xhtml" xml:lang="en" lang="en">
 <head>
  <title>
</title>
<meta http-equiv="Content-Type" content="text/html;charset=utf-8" />
  <meta name='ocr-system' content='tesseract 3.04.00' />
  <meta name='ocr-capabilities' content='ocr_page ocr_carea ocr_par ocr_line ocrx_word'/>
</head>
<body>
  <div class='ocr_page' id='page_1' title='image "./nicephorigregor07schogoog_0505.png"; bbox 0 0 2926 4906; ppageno 0'>
   <div class='ocr_carea' id='block_1_1' title="bbox 278 299 1069 386">
    <p class='ocr_par' dir='ltr' id='par_1_1' title="bbox 278 299 1069 386">
     <span class='ocr_line' id='line_1_1' title="bbox 278 299 1069 386; baseline -0.003 0"><span class='ocrx_word' id='word_1_1' title='bbox 278 302 354 386; x_wconf 77' lang='lat' dir='ltr'><strong>toi</strong></span> <span class='ocrx_word' id='word_1_2' title='bbox 586 299 826 384; x_wconf 60' lang='lat' dir='ltr'><strong>armonem*</strong></span> <span class='ocrx_word' id='word_1_3' title='bbox 841 313 1069 384; x_wconf 77' lang='lat' dir='ltr'><strong>oanoonin</strong></span> 
     </span>
    </p>
   </div>
   <div class='ocr_carea' id='block_1_2' title="bbox 157 473 1459 2774">
    <p class='ocr_par' dir='ltr' id='par_1_2' title="bbox 157 473 1424 1669">
     <span class='ocr_line' id='line_1_2' title="bbox 278 473 1369 564; baseline -0.002 -22"><span class='ocrx_word' id='word_1_4' title='bbox 278 476 314 543; x_wconf 87' lang='grc' dir='ltr'><strong><em>τό</em></strong></span> <span class='ocrx_word' id='word_1_5' title='bbox 336 478 418 543; x_wconf 91' lang='grc' dir='ltr'><strong><em>πάνυ</em></strong></span> <span class='ocrx_word' id='word_1_6' title='bbox 440 503 471 542; x_wconf 89' lang='grc' dir='ltr'><strong>τι</strong></span> <span class='ocrx_word' id='word_1_7' title='bbox 491 478 666 564; x_wconf 87' lang='grc' dir='ltr'><strong><em>κράτιστον,</em></strong></span> <span class='ocrx_word' id='word_1_8' title='bbox 687 474 731 554; x_wconf 75' lang='grc' dir='ltr'><strong><em>ὥς</em></strong></span> <span class='ocrx_word' id='word_1_9' title='bbox 751 479 785 542; x_wconf 85' lang='grc' dir='ltr'><strong>ἐν</strong></span> <span class='ocrx_word' id='word_1_10' title='bbox 804 484 873 554; x_wconf 83' lang='grc' dir='ltr'><strong><em>ταῖς</em></strong></span> <span class='ocrx_word' id='word_1_11' title='bbox 895 476 1012 561; x_wconf 83' lang='grc' dir='ltr'><strong><em>οἷρχαῖς</em></strong></span> <span class='ocrx_word' id='word_1_12' title='bbox 1032 478 1094 542; x_wconf 78' lang='grc' dir='ltr'><strong><em>τῶν</em></strong></span> <span class='ocrx_word' id='word_1_13' title='bbox 1114 473 1275 561; x_wconf 80' lang='grc' dir='ltr'><strong>ἡμετέρων</strong></span> <span class='ocrx_word' id='word_1_14' title='bbox 1294 477 1369 540; x_wconf 79' lang='grc' dir='ltr'><strong><em>τῶν·</em></strong></span> 
     </span>
     <span class='ocr_line' id='line_1_3' title="bbox 281 576 1371 665; baseline -0.002 -21"><span class='ocrx_word' id='word_1_15' title='bbox 281 582 316 644; x_wconf 89' lang='grc' dir='ltr'><strong>δε</strong></span> <span class='ocrx_word' id='word_1_16' title='bbox 336 580 437 664; x_wconf 88' lang='grc' dir='ltr'><strong><em>λόγων</em></strong></span> <span class='ocrx_word' id='word_1_17' title='bbox 458 577 536 663; x_wconf 78' lang='grc' dir='ltr'><strong><em>ἡμῖν</em></strong></span> <span class='ocrx_word' id='word_1_18' title='bbox 562 577 604 643; x_wconf 81' lang='grc' dir='ltr'><strong><em>τὰ</em></strong></span> <span class='ocrx_word' id='word_1_19' title='bbox 632 579 707 665; x_wconf 74' lang='grc' dir='ltr'><strong><em>περὶ</em></strong></span> <span class='ocrx_word' id='word_1_20' title='bbox 734 578 831 643; x_wconf 73' lang='grc' dir='ltr'><strong><em>αὐτοῦ</em></strong></span> <span class='ocrx_word' id='word_1_21' title='bbox 857 579 1050 665; x_wconf 76' lang='grc' dir='ltr'><strong><em>πλατύτερον</em></strong></span> <span class='ocrx_word' id='word_1_22' title='bbox 1077 576 1220 664; x_wconf 88' lang='grc' dir='ltr'><strong><em>εἴρηται,</em></strong></span> <span class='ocrx_word' id='word_1_23' title='bbox 1251 577 1371 642; x_wconf 88' lang='grc' dir='ltr'><strong><em>πάντων</em></strong></span> 
     </span>
     <span class='ocr_line' id='line_1_4' title="bbox 279 677 1371 769; baseline -0.002 -25"><span class='ocrx_word' id='word_1_24' title='bbox 279 681 420 763; x_wconf 87' lang='grc' dir='ltr'><strong><em>μάλιστα</em></strong></span> <span class='ocrx_word' id='word_1_25' title='bbox 452 685 597 769; x_wconf 82' lang='grc' dir='ltr'><strong><em>πλεῖστον</em></strong></span> <span class='ocrx_word' id='word_1_26' title='bbox 631 677 868 766; x_wconf 82' lang='grc' dir='ltr'><strong><em>άντεισενεγκάιν</em></strong></span> <span class='ocrx_word' id='word_1_27' title='bbox 897 677 978 766; x_wconf 68' lang='grc' dir='ltr'><strong>ὑπὲρ</strong></span> <span class='ocrx_word' id='word_1_28' title='bbox 1011 679 1173 762; x_wconf 74' lang='grc' dir='ltr'><strong><em>εὐσεβείας</em></strong></span> <span class='ocrx_word' id='word_1_29' title='bbox 1199 677 1253 745; x_wconf 87' lang='grc' dir='ltr'><strong><em>τόν</em></strong></span> <span class='ocrx_word' id='word_1_30' title='bbox 1273 681 1371 763; x_wconf 82' lang='grc' dir='ltr'><strong><em>ζῆλον,</em></strong></span> 
     </span>
     <span class='ocr_line' id='line_1_5' title="bbox 278 779 1372 864; baseline -0.002 -21"><span class='ocrx_word' id='word_1_31' title='bbox 278 779 334 845; x_wconf 84' lang='grc' dir='ltr'><strong><em>καί</em></strong></span> <span class='ocrx_word' id='word_1_32' title='bbox 366 780 552 864; x_wconf 75' lang='grc' dir='ltr'><strong><em>ἀπιστήσας</em></strong></span> <span class='ocrx_word' id='word_1_33' title='bbox 585 789 651 858; x_wconf 85' lang='grc' dir='ltr'><strong><em>τοῖς</em></strong></span> <span class='ocrx_word' id='word_1_34' title='bbox 672 782 741 847; x_wconf 92' lang='grc' dir='ltr'><strong><em>τότε</em></strong></span> <span class='ocrx_word' id='word_1_35' title='bbox 774 780 856 847; x_wconf 88' lang='grc' dir='ltr'><strong><em>κατά</em></strong></span> <span class='ocrx_word' id='word_1_36' title='bbox 881 783 944 846; x_wconf 74' lang='grc' dir='ltr'><strong><em>τῶν</em></strong></span> <span class='ocrx_word' id='word_1_37' title='bbox 965 783 1063 847; x_wconf 95' lang='grc' dir='ltr'><strong><em>θείων</em></strong></span> <span class='ocrx_word' id='word_1_38' title='bbox 1095 780 1225 846; x_wconf 77' lang='grc' dir='ltr'><strong><em>εἰκόνων</em></strong></span> <span class='ocrx_word' id='word_1_39' title='bbox 1248 786 1372 862; x_wconf 86' lang='grc' dir='ltr'><strong><em>μανεῖσι</em></strong></span> 
     </span>
     <span class='ocr_line' id='line_1_6' title="bbox 279 874 1392 969; baseline -0.001 -24"><span class='ocrx_word' id='word_1_40' title='bbox 279 880 456 966; x_wconf 82' lang='grc' dir='ltr'><strong><em>τυράννοις,</em></strong></span> <span class='ocrx_word' id='word_1_41' title='bbox 479 879 536 968; x_wconf 71' lang='grc' dir='ltr'><strong>ὑφ’</strong></span> <span class='ocrx_word' id='word_1_42' title='bbox 560 874 604 948; x_wconf 76' lang='grc' dir='ltr'><strong>ὧν</strong></span> <span class='ocrx_word' id='word_1_43' title='bbox 625 881 734 948; x_wconf 82' lang='grc' dir='ltr'><strong><em>καὶτὸ</em></strong></span> <span class='ocrx_word' id='word_1_44' title='bbox 758 883 930 968; x_wconf 87' lang='grc' dir='ltr'><strong><em>πρόσωπον</em></strong></span> <span class='ocrx_word' id='word_1_45' title='bbox 949 883 1131 969; x_wconf 83' lang='grc' dir='ltr'><strong><em>γέγραπταί</em></strong></span> <span class='ocrx_word' id='word_1_46' title='bbox 1139 905 1173 945; x_wconf 87' lang='grc' dir='ltr'><strong>τε</strong></span> <span class='ocrx_word' id='word_1_47' title='bbox 1194 881 1251 946; x_wconf 87' lang='grc' dir='ltr'><strong><em>καί</em></strong></span> <span class='ocrx_word' id='word_1_48' title='bbox 1273 880 1392 945; x_wconf 74' lang='grc' dir='ltr'><strong><em>ἔστιν-5</em></strong></span> 
     </span>
     <span class='ocr_line' id='line_1_7' title="bbox 278 980 1424 1069; baseline -0.002 -24"><span class='ocrx_word' id='word_1_49' title='bbox 278 1005 333 1045; x_wconf 90' lang='grc' dir='ltr'><strong>ται</strong></span> <span class='ocrx_word' id='word_1_50' title='bbox 362 980 419 1048; x_wconf 78' lang='grc' dir='ltr'><strong>καί</strong></span> <span class='ocrx_word' id='word_1_51' title='bbox 437 1005 493 1065; x_wconf 87' lang='grc' dir='ltr'><strong><em>την</em></strong></span> <span class='ocrx_word' id='word_1_52' title='bbox 514 983 697 1066; x_wconf 74' lang='grc' dir='ltr'><strong><em>ἐπωνυμίαν</em></strong></span> <span class='ocrx_word' id='word_1_53' title='bbox 710 985 742 1047; x_wconf 91' lang='grc' dir='ltr'><strong>Γ</strong></span> <span class='ocrx_word' id='word_1_54' title='bbox 743 989 861 1069; x_wconf 83' lang='grc' dir='ltr'><strong><em>ραπτός</em></strong></span> <span class='ocrx_word' id='word_1_55' title='bbox 884 985 1007 1047; x_wconf 86' lang='grc' dir='ltr'><strong><em>ἐκεῖθεν</em></strong></span> <span class='ocrx_word' id='word_1_56' title='bbox 1021 981 1150 1066; x_wconf 78' lang='grc' dir='ltr'><strong><em>κληθείς</em></strong></span> <span class='ocrx_word' id='word_1_57' title='bbox 1170 981 1372 1066; x_wconf 75' lang='grc' dir='ltr'><strong><em>ἀπηνέγκατο,</em></strong></span> <span class='ocrx_word' id='word_1_58' title='bbox 1422 1034 1424 1043; x_wconf 94' lang='grc'>.</span> 
     </span>
     <span class='ocr_line' id='line_1_8' title="bbox 279 1080 1374 1169; baseline -0.004 -23"><span class='ocrx_word' id='word_1_59' title='bbox 279 1081 443 1157; x_wconf 85' lang='grc' dir='ltr'><strong><em>πλείσταις</em></strong></span> <span class='ocrx_word' id='word_1_60' title='bbox 463 1083 523 1163; x_wconf 81' lang='grc' dir='ltr'><strong>μὲν</strong></span> <span class='ocrx_word' id='word_1_61' title='bbox 542 1083 599 1148; x_wconf 82' lang='grc' dir='ltr'><strong><em>καί</em></strong></span> <span class='ocrx_word' id='word_1_62' title='bbox 619 1080 730 1159; x_wconf 78' lang='grc' dir='ltr'><strong><em>ἄλλαις</em></strong></span> <span class='ocrx_word' id='word_1_63' title='bbox 751 1082 854 1169; x_wconf 80' lang='grc' dir='ltr'><strong><em>ἱεραῖς</em></strong></span> <span class='ocrx_word' id='word_1_64' title='bbox 882 1082 980 1146; x_wconf 77' lang='grc' dir='ltr'><strong><em>αὐτοῦ</em></strong></span> <span class='ocrx_word' id='word_1_65' title='bbox 999 1084 1122 1165; x_wconf 81' lang='grc' dir='ltr'><strong><em>βίβλοις</em></strong></span> <span class='ocrx_word' id='word_1_66' title='bbox 1143 1081 1200 1166; x_wconf 75' lang='grc' dir='ltr'><strong><em>τὴν</em></strong></span> <span class='ocrx_word' id='word_1_67' title='bbox 1218 1083 1277 1146; x_wconf 78' lang='grc' dir='ltr'><strong><em>τοῦ</em></strong></span> <span class='ocrx_word' id='word_1_68' title='bbox 1299 1082 1374 1146; x_wconf 79' lang='grc' dir='ltr'><strong><em>θεοῦ</em></strong></span> 
     </span>
     <span class='ocr_line' id='line_1_9' title="bbox 279 1174 1373 1266; baseline -0.002 -22"><span class='ocrx_word' id='word_1_69' title='bbox 279 1180 446 1264; x_wconf 78' lang='grc' dir='ltr'><strong><em>ἐκκλησίαν</em></strong></span> <span class='ocrx_word' id='word_1_70' title='bbox 464 1181 657 1266; x_wconf 90' lang='grc' dir='ltr'><strong><em>κεκόσμηκε,</em></strong></span> <span class='ocrx_word' id='word_1_71' title='bbox 688 1183 827 1265; x_wconf 86' lang='grc' dir='ltr'><strong><em>μάλιστα</em></strong></span> <span class='ocrx_word' id='word_1_72' title='bbox 850 1185 877 1247; x_wconf 89' lang='grc' dir='ltr'><strong>δ’</strong></span> <span class='ocrx_word' id='word_1_73' title='bbox 900 1174 951 1256; x_wconf 83' lang='grc' dir='ltr'><strong>αἷς</strong></span> <span class='ocrx_word' id='word_1_74' title='bbox 970 1179 1050 1245; x_wconf 82' lang='grc' dir='ltr'><strong><em>κατὰ</em></strong></span> <span class='ocrx_word' id='word_1_75' title='bbox 1075 1185 1137 1247; x_wconf 76' lang='grc' dir='ltr'><strong><em>τῶν</em></strong></span> <span class='ocrx_word' id='word_1_76' title='bbox 1159 1181 1373 1263; x_wconf 86' lang='grc' dir='ltr'><strong><em>εἰκονομάχων</em></strong></span> 
     </span>
     <span class='ocr_line' id='line_1_10' title="bbox 278 1279 1372 1370; baseline 0 -27"><span class='ocrx_word' id='word_1_77' title='bbox 278 1279 420 1358; x_wconf 76' lang='grc' dir='ltr'><strong><em>ἐξέθετο,</em></strong></span> <span class='ocrx_word' id='word_1_78' title='bbox 447 1289 512 1358; x_wconf 85' lang='grc' dir='ltr'><strong><em>τοϊς</em></strong></span> <span class='ocrx_word' id='word_1_79' title='bbox 534 1283 779 1370; x_wconf 72' lang='grc' dir='ltr'><strong><em>συγγράμμασιν</em></strong></span> <span class='ocrx_word' id='word_1_80' title='bbox 807 1280 1004 1366; x_wconf 76' lang='grc' dir='ltr'><strong><em>ἐντυγχάνων</em></strong></span> <span class='ocrx_word' id='word_1_81' title='bbox 1027 1284 1082 1347; x_wconf 80' lang='grc' dir='ltr'><strong><em>τοῦ</em></strong></span> <span class='ocrx_word' id='word_1_82' title='bbox 1108 1282 1177 1348; x_wconf 84' lang='grc' dir='ltr'><strong><em>τότε</em></strong></span> <span class='ocrx_word' id='word_1_83' title='bbox 1203 1279 1244 1346; x_wconf 86' lang='grc' dir='ltr'><strong><em>τά</em></strong></span> <span class='ocrx_word' id='word_1_84' title='bbox 1264 1284 1372 1366; x_wconf 75' lang='grc' dir='ltr'><strong><em>πρῶτα</em></strong></span> 
     </span>
     <span class='ocr_line' id='line_1_11' title="bbox 278 1376 1403 1469; baseline -0.001 -23"><span class='ocrx_word' id='word_1_85' title='bbox 278 1382 430 1469; x_wconf 84' lang='grc' dir='ltr'><strong><em>φέροντος</em></strong></span> <span class='ocrx_word' id='word_1_86' title='bbox 459 1384 493 1446; x_wconf 88' lang='grc' dir='ltr'><strong>ἐν</strong></span> <span class='ocrx_word' id='word_1_87' title='bbox 520 1385 625 1468; x_wconf 82' lang='grc' dir='ltr'><strong><em>λόγοις</em></strong></span> <span class='ocrx_word' id='word_1_88' title='bbox 656 1383 791 1465; x_wconf 83' lang='grc' dir='ltr'><strong><em>άσεβοῦς</em></strong></span> <span class='ocrx_word' id='word_1_89' title='bbox 817 1381 989 1464; x_wconf 80' lang='grc' dir='ltr'><strong><em>Εὐσεβίου·</em></strong></span> <span class='ocrx_word' id='word_1_90' title='bbox 1045 1384 1079 1446; x_wconf 89' lang='grc' dir='ltr'><strong>ἐν</strong></span> <span class='ocrx_word' id='word_1_91' title='bbox 1107 1376 1158 1458; x_wconf 77' lang='grc' dir='ltr'><strong>αἷς</strong></span> <span class='ocrx_word' id='word_1_92' title='bbox 1179 1382 1272 1447; x_wconf 85' lang='grc' dir='ltr'><strong><em>τότε</em></strong></span> <span class='ocrx_word' id='word_1_93' title='bbox 1294 1377 1403 1446; x_wconf 72' lang='grc' dir='ltr'><strong><em>ἄλλοιν</em></strong></span> 
     </span>
     <span class='ocr_line' id='line_1_12' title="bbox 212 1481 1370 1568; baseline -0.001 -22"><span class='ocrx_word' id='word_1_94' title='bbox 212 1483 333 1554; x_wconf 58' lang='lat' dir='ltr'><strong>nonos*</strong></span> <span class='ocrx_word' id='word_1_95' title='bbox 346 1483 423 1548; x_wconf 88' lang='grc' dir='ltr'><strong><em>τάδε</em></strong></span> <span class='ocrx_word' id='word_1_96' title='bbox 439 1485 579 1562; x_wconf 66' lang='grc' dir='ltr'><strong><em>διεξεισι.</em></strong></span> <span class='ocrx_word' id='word_1_97' title='bbox 620 1484 907 1565; x_wconf 80' lang='grc' dir='ltr'><strong><em>κατακομψεόεται,</em></strong></span> <span class='ocrx_word' id='word_1_98' title='bbox 930 1483 1039 1568; x_wconf 83' lang='grc' dir='ltr'><strong><em>φησίν,</em></strong></span> <span class='ocrx_word' id='word_1_99' title='bbox 1061 1481 1216 1565; x_wconf 81' lang='grc' dir='ltr'><strong><em>Εὐσέβιος</em></strong></span> <span class='ocrx_word' id='word_1_100' title='bbox 1234 1483 1291 1547; x_wconf 75' lang='grc' dir='ltr'><strong>ἐπὶ</strong></span> <span class='ocrx_word' id='word_1_101' title='bbox 1308 1483 1370 1568; x_wconf 77' lang='grc' dir='ltr'><strong><em>φάς</em></strong></span> 
     </span>
     <span class='ocr_line' id='line_1_13' title="bbox 157 1579 1369 1669; baseline -0.006 -18"><span class='ocrx_word' id='word_1_102' title='bbox 157 1579 417 1668; x_wconf 73' lang='grc' dir='ltr'><strong><em>ῐ.242ο.άρρητον</em></strong></span> <span class='ocrx_word' id='word_1_103' title='bbox 438 1583 494 1648; x_wconf 84' lang='grc' dir='ltr'><strong><em>καί</em></strong></span> <span class='ocrx_word' id='word_1_104' title='bbox 516 1583 736 1667; x_wconf 81' lang='grc' dir='ltr'><strong><em>άνεκδιήγητον</em></strong></span> <span class='ocrx_word' id='word_1_105' title='bbox 756 1583 813 1646; x_wconf 75' lang='grc' dir='ltr'><strong>καὶ</strong></span> <span class='ocrx_word' id='word_1_106' title='bbox 832 1585 879 1668; x_wconf 71' lang='lat' dir='ltr'><strong>aqi</strong></span> <span class='ocrx_word' id='word_1_107' title='bbox 897 1585 966 1668; x_wconf 72' lang='grc' dir='ltr'><strong>θεῷ</strong></span> <span class='ocrx_word' id='word_1_108' title='bbox 998 1582 1078 1669; x_wconf 83' lang='grc' dir='ltr'><strong><em>λόγῳ</em></strong></span> <span class='ocrx_word' id='word_1_109' title='bbox 1102 1581 1223 1668; x_wconf 84' lang='grc' dir='ltr'><strong><em>πρέπον</em></strong></span> <span class='ocrx_word' id='word_1_110' title='bbox 1244 1580 1369 1666; x_wconf 75' lang='grc' dir='ltr'><strong><em>τὴντοό</em></strong></span> 
     </span>
    </p>

    <p class='ocr_par' dir='ltr' id='par_1_3' title="bbox 278 1679 1367 1771">
     <span class='ocr_line' id='line_1_14' title="bbox 278 1679 1367 1771; baseline -0.004 -22"><span class='ocrx_word' id='word_1_111' title='bbox 278 1684 393 1750; x_wconf 88' lang='grc' dir='ltr'><strong><em>δοόλου</em></strong></span> <span class='ocrx_word' id='word_1_112' title='bbox 414 1685 676 1768; x_wconf 81' lang='grc' dir='ltr'><strong><em>μεταβεβλῆσθαι</em></strong></span> <span class='ocrx_word' id='word_1_113' title='bbox 692 1681 823 1769; x_wconf 74' lang='grc' dir='ltr'><strong><em>μορφὴν</em></strong></span> <span class='ocrx_word' id='word_1_114' title='bbox 841 1685 875 1747; x_wconf 84' lang='grc' dir='ltr'><strong>ἐν</strong></span> <span class='ocrx_word' id='word_1_115' title='bbox 887 1685 933 1770; x_wconf 75' lang='grc' dir='ltr'><strong><em>τῷ</em></strong></span> <span class='ocrx_word' id='word_1_116' title='bbox 954 1679 1035 1769; x_wconf 85' lang='grc' dir='ltr'><strong><em>όρει,</em></strong></span> <span class='ocrx_word' id='word_1_117' title='bbox 1058 1686 1127 1771; x_wconf 75' lang='grc' dir='ltr'><strong><em>φῶς</em></strong></span> <span class='ocrx_word' id='word_1_118' title='bbox 1146 1680 1225 1767; x_wconf 82' lang='grc' dir='ltr'><strong><em>ὅπερ</em></strong></span> <span class='ocrx_word' id='word_1_119' title='bbox 1247 1682 1367 1768; x_wconf 81' lang='grc' dir='ltr'><strong><em>ὀφθαλ-</em></strong></span> 
     </span>
    </p>

    <p class='ocr_par' dir='ltr' id='par_1_4' title="bbox 165 1777 1459 2774">
     <span class='ocr_line' id='line_1_15' title="bbox 165 1777 1365 1870; baseline -0.003 -21"><span class='ocrx_word' id='word_1_120' title='bbox 165 1785 170 1798; x_wconf 91' lang='grc'><em>’</em></span> <span class='ocrx_word' id='word_1_121' title='bbox 276 1783 337 1868; x_wconf 88' lang='grc' dir='ltr'><strong><em>μός</em></strong></span> <span class='ocrx_word' id='word_1_122' title='bbox 361 1783 416 1849; x_wconf 84' lang='grc' dir='ltr'><strong><em>οόκ</em></strong></span> <span class='ocrx_word' id='word_1_123' title='bbox 439 1777 504 1848; x_wconf 82' lang='grc' dir='ltr'><strong><em>εἶδε</em></strong></span> <span class='ocrx_word' id='word_1_124' title='bbox 524 1782 580 1847; x_wconf 79' lang='grc' dir='ltr'><strong>καί</strong></span> <span class='ocrx_word' id='word_1_125' title='bbox 599 1777 653 1858; x_wconf 81' lang='grc' dir='ltr'><strong><em>σός</em></strong></span> <span class='ocrx_word' id='word_1_126' title='bbox 675 1782 730 1846; x_wconf 85' lang='grc' dir='ltr'><strong><em>οόκ</em></strong></span> <span class='ocrx_word' id='word_1_127' title='bbox 750 1779 869 1867; x_wconf 79' lang='grc' dir='ltr'><strong><em>ἤκουσε</em></strong></span> <span class='ocrx_word' id='word_1_128' title='bbox 890 1782 945 1846; x_wconf 80' lang='grc' dir='ltr'><strong><em>καί</em></strong></span> <span class='ocrx_word' id='word_1_129' title='bbox 967 1783 1021 1848; x_wconf 77' lang='grc' dir='ltr'><strong>ἐπὶ</strong></span> <span class='ocrx_word' id='word_1_130' title='bbox 1040 1785 1177 1870; x_wconf 78' lang='grc' dir='ltr'><strong><em>καρδίαν</em></strong></span> <span class='ocrx_word' id='word_1_131' title='bbox 1199 1783 1365 1867; x_wconf 77' lang='grc' dir='ltr'><strong><em>άνθροόπου</em></strong></span> 
     </span>
     <span class='ocr_line' id='line_1_16' title="bbox 278 1881 1393 1969; baseline -0.003 -19"><span class='ocrx_word' id='word_1_132' title='bbox 278 1885 334 1950; x_wconf 78' lang='grc' dir='ltr'><strong><em>οὐκ</em></strong></span> <span class='ocrx_word' id='word_1_133' title='bbox 356 1885 463 1969; x_wconf 85' lang='grc' dir='ltr'><strong><em>οἷνέβη.</em></strong></span> <span class='ocrx_word' id='word_1_134' title='bbox 516 1884 571 1949; x_wconf 80' lang='grc' dir='ltr'><strong>καί</strong></span> <span class='ocrx_word' id='word_1_135' title='bbox 601 1881 620 1948; x_wconf 88' lang='grc' dir='ltr'><strong><em>ό</em></strong></span> <span class='ocrx_word' id='word_1_136' title='bbox 641 1885 700 1965; x_wconf 77' lang='grc' dir='ltr'><strong>μὲν</strong></span> <span class='ocrx_word' id='word_1_137' title='bbox 730 1883 888 1966; x_wconf 84' lang='grc' dir='ltr'><strong><em>Εόσεβίου</em></strong></span> <span class='ocrx_word' id='word_1_138' title='bbox 917 1883 1009 1968; x_wconf 88' lang='grc' dir='ltr'><strong><em>λόγος</em></strong></span> <span class='ocrx_word' id='word_1_139' title='bbox 1040 1886 1179 1962; x_wconf 78' lang='grc' dir='ltr'><strong><em>τοιοῦτος</em></strong></span> <span class='ocrx_word' id='word_1_140' title='bbox 1200 1883 1258 1948; x_wconf 77' lang='grc' dir='ltr'><strong>καὶ</strong></span> <span class='ocrx_word' id='word_1_141' title='bbox 1278 1881 1393 1957; x_wconf 73' lang='grc' dir='ltr'><strong><em>οδτωςλό</em></strong></span> 
     </span>
     <span class='ocr_line' id='line_1_17' title="bbox 277 1982 1361 2071; baseline -0.004 -21"><span class='ocrx_word' id='word_1_142' title='bbox 277 1984 380 2067; x_wconf 75' lang='grc' dir='ltr'><strong><em>ἔχων,</em></strong></span> <span class='ocrx_word' id='word_1_143' title='bbox 414 1985 470 2049; x_wconf 78' lang='grc' dir='ltr'><strong>καί</strong></span> <span class='ocrx_word' id='word_1_144' title='bbox 501 1982 536 2048; x_wconf 85' lang='grc' dir='ltr'><strong><em>τό</em></strong></span> <span class='ocrx_word' id='word_1_145' title='bbox 573 1988 637 2048; x_wconf 84' lang='grc' dir='ltr'><strong>πᾶν</strong></span> <span class='ocrx_word' id='word_1_146' title='bbox 659 1983 746 2071; x_wconf 73' lang='grc' dir='ltr'><strong><em>αὐτῷ</em></strong></span> <span class='ocrx_word' id='word_1_147' title='bbox 769 1985 908 2049; x_wconf 80' lang='grc' dir='ltr'><strong><em>ἐνταῦθα</em></strong></span> <span class='ocrx_word' id='word_1_148' title='bbox 944 1987 1000 2068; x_wconf 80' lang='grc' dir='ltr'><strong>τῆς</strong></span> <span class='ocrx_word' id='word_1_149' title='bbox 1022 1983 1171 2068; x_wconf 88' lang='grc' dir='ltr'><strong><em>άσεβείας</em></strong></span> <span class='ocrx_word' id='word_1_150' title='bbox 1191 1984 1361 2070; x_wconf 77' lang='grc' dir='ltr'><strong><em>ἐξήρτηται·</em></strong></span> 
     </span>
     <span class='ocr_line' id='line_1_18' title="bbox 277 2079 1359 2170; baseline -0.006 -19"><span class='ocrx_word' id='word_1_151' title='bbox 277 2083 351 2151; x_wconf 79' lang='grc' dir='ltr'><strong><em>ὅποι</em></strong></span> <span class='ocrx_word' id='word_1_152' title='bbox 371 2087 400 2150; x_wconf 79' lang='grc' dir='ltr'><strong>δ’</strong></span> <span class='ocrx_word' id='word_1_153' title='bbox 423 2083 509 2169; x_wconf 75' lang='grc' dir='ltr'><strong><em>αὐτῷ</em></strong></span> <span class='ocrx_word' id='word_1_154' title='bbox 544 2083 637 2170; x_wconf 80' lang='grc' dir='ltr'><strong><em>φόρει</em></strong></span> <span class='ocrx_word' id='word_1_155' title='bbox 669 2081 709 2149; x_wconf 88' lang='grc' dir='ltr'><strong><em>τά</em></strong></span> <span class='ocrx_word' id='word_1_156' title='bbox 730 2087 786 2167; x_wconf 82' lang='grc' dir='ltr'><strong>τῆς</strong></span> <span class='ocrx_word' id='word_1_157' title='bbox 813 2087 923 2168; x_wconf 83' lang='grc' dir='ltr'><strong><em>καινῆς</em></strong></span> <span class='ocrx_word' id='word_1_158' title='bbox 952 2085 1066 2168; x_wconf 86' lang='grc' dir='ltr'><strong><em>ταότης</em></strong></span> <span class='ocrx_word' id='word_1_159' title='bbox 1088 2085 1304 2159; x_wconf 89' lang='grc' dir='ltr'><strong><em>διδασκαλίας</em></strong></span> <span class='ocrx_word' id='word_1_160' title='bbox 1323 2079 1359 2146; x_wconf 82' lang='grc' dir='ltr'><strong><em>καί</em></strong></span> 
     </span>
     <span class='ocr_line' id='line_1_19' title="bbox 275 2181 1363 2270; baseline -0.005 -20"><span class='ocrx_word' id='word_1_161' title='bbox 275 2186 331 2250; x_wconf 80' lang='grc' dir='ltr'><strong><em>τοῦ</em></strong></span> <span class='ocrx_word' id='word_1_162' title='bbox 346 2185 512 2270; x_wconf 88' lang='grc' dir='ltr'><strong><em>δόγματος,</em></strong></span> <span class='ocrx_word' id='word_1_163' title='bbox 529 2181 573 2259; x_wconf 72' lang='grc' dir='ltr'><strong><em>σός</em></strong></span> <span class='ocrx_word' id='word_1_164' title='bbox 592 2184 639 2250; x_wconf 84' lang='grc' dir='ltr'><strong><em>ἔνι</em></strong></span> <span class='ocrx_word' id='word_1_165' title='bbox 657 2183 809 2267; x_wconf 91' lang='grc' dir='ltr'><strong><em>μάλιστα,</em></strong></span> <span class='ocrx_word' id='word_1_166' title='bbox 832 2183 1069 2270; x_wconf 73' lang='grc' dir='ltr'><strong><em>συντομώτερον</em></strong></span> <span class='ocrx_word' id='word_1_167' title='bbox 1087 2181 1299 2266; x_wconf 74' lang='grc' dir='ltr'><strong><em>σκεψόμεθα,</em></strong></span> <span class='ocrx_word' id='word_1_168' title='bbox 1321 2181 1363 2246; x_wconf 72' lang='grc' dir='ltr'><strong>καὶ</strong></span> 
     </span>
     <span class='ocr_line' id='line_1_20' title="bbox 277 2281 1368 2370; baseline -0.007 -20"><span class='ocrx_word' id='word_1_169' title='bbox 277 2283 386 2363; x_wconf 86' lang='grc' dir='ltr'><strong><em>όποϊος</em></strong></span> <span class='ocrx_word' id='word_1_170' title='bbox 410 2283 448 2368; x_wconf 83' lang='grc' dir='ltr'><strong>δη</strong></span> <span class='ocrx_word' id='word_1_171' title='bbox 470 2284 525 2349; x_wconf 78' lang='grc' dir='ltr'><strong>καί</strong></span> <span class='ocrx_word' id='word_1_172' title='bbox 546 2282 631 2360; x_wconf 77' lang='grc' dir='ltr'><strong><em>ὅστις</em></strong></span> <span class='ocrx_word' id='word_1_173' title='bbox 664 2281 682 2348; x_wconf 88' lang='grc' dir='ltr'><strong><em>ό</em></strong></span> <span class='ocrx_word' id='word_1_174' title='bbox 703 2288 759 2368; x_wconf 80' lang='grc' dir='ltr'><strong>τῆς</strong></span> <span class='ocrx_word' id='word_1_175' title='bbox 778 2287 956 2369; x_wconf 81' lang='grc' dir='ltr'><strong><em>μεταβολῆς</em></strong></span> <span class='ocrx_word' id='word_1_176' title='bbox 986 2285 1113 2370; x_wconf 86' lang='grc' dir='ltr'><strong><em>τρόπος,</em></strong></span> <span class='ocrx_word' id='word_1_177' title='bbox 1134 2283 1368 2365; x_wconf 68' lang='grc' dir='ltr'><strong><em>ἐπισκέψασθαι</em></strong></span> 
     </span>
     <span class='ocr_line' id='line_1_21' title="bbox 276 2382 1459 2471; baseline -0.004 -22"><span class='ocrx_word' id='word_1_178' title='bbox 276 2383 518 2471; x_wconf 75' lang='grc' dir='ltr'><strong><em>πειρασόμεθα.</em></strong></span> <span class='ocrx_word' id='word_1_179' title='bbox 560 2383 679 2449; x_wconf 82' lang='grc' dir='ltr'><strong><em>πάντά</em></strong></span> <span class='ocrx_word' id='word_1_180' title='bbox 701 2383 978 2468; x_wconf 80' lang='grc' dir='ltr'><strong><em>μεταβαλλόμενον</em></strong></span> <span class='ocrx_word' id='word_1_181' title='bbox 1006 2383 1027 2470; x_wconf 85' lang='grc' dir='ltr'><strong><em>ἢ</em></strong></span> <span class='ocrx_word' id='word_1_182' title='bbox 1052 2391 1120 2449; x_wconf 74' lang='grc' dir='ltr'><strong>καί</strong></span> <span class='ocrx_word' id='word_1_183' title='bbox 1145 2382 1260 2448; x_wconf 78' lang='grc' dir='ltr'><strong><em>οὐσίαν</em></strong></span> <span class='ocrx_word' id='word_1_184' title='bbox 1277 2403 1400 2466; x_wconf 74' lang='grc' dir='ltr'><strong><em>μετα-γη</em></strong></span> <span class='ocrx_word' id='word_1_185' title='bbox 1458 2409 1459 2416; x_wconf 49' lang='grc'><strong>“</strong></span> 
     </span>
     <span class='ocr_line' id='line_1_22' title="bbox 276 2478 1368 2572; baseline -0.003 -24"><span class='ocrx_word' id='word_1_186' title='bbox 276 2485 437 2566; x_wconf 90' lang='grc' dir='ltr'><strong><em>βάλλεται,</em></strong></span> <span class='ocrx_word' id='word_1_187' title='bbox 461 2481 479 2548; x_wconf 83' lang='grc' dir='ltr'><strong><em>ό</em></strong></span> <span class='ocrx_word' id='word_1_188' title='bbox 502 2483 541 2568; x_wconf 80' lang='grc' dir='ltr'><strong>δὴ</strong></span> <span class='ocrx_word' id='word_1_189' title='bbox 561 2487 637 2570; x_wconf 81' lang='grc' dir='ltr'><strong><em>περὶ</em></strong></span> <span class='ocrx_word' id='word_1_190' title='bbox 654 2487 776 2572; x_wconf 86' lang='grc' dir='ltr'><strong><em>γένεσιν</em></strong></span> <span class='ocrx_word' id='word_1_191' title='bbox 803 2486 859 2549; x_wconf 77' lang='grc' dir='ltr'><strong>καί</strong></span> <span class='ocrx_word' id='word_1_192' title='bbox 886 2485 1014 2572; x_wconf 83' lang='grc' dir='ltr'><strong><em>φθοράν</em></strong></span> <span class='ocrx_word' id='word_1_193' title='bbox 1047 2490 1232 2570; x_wconf 80' lang='grc' dir='ltr'><strong><em>θεωρεῖται,</em></strong></span> <span class='ocrx_word' id='word_1_194' title='bbox 1255 2478 1275 2567; x_wconf 78' lang='grc' dir='ltr'><em>ἢ</em></span> <span class='ocrx_word' id='word_1_195' title='bbox 1295 2482 1368 2546; x_wconf 90' lang='grc' dir='ltr'><strong><em>κατά</em></strong></span> 
     </span>
     <span class='ocr_line' id='line_1_23' title="bbox 274 2582 1361 2672; baseline -0.004 -25"><span class='ocrx_word' id='word_1_196' title='bbox 274 2608 306 2647; x_wconf 93' lang='grc' dir='ltr'><strong>τι</strong></span> <span class='ocrx_word' id='word_1_197' title='bbox 324 2586 387 2648; x_wconf 77' lang='grc' dir='ltr'><strong><em>τεόν</em></strong></span> <span class='ocrx_word' id='word_1_198' title='bbox 406 2585 439 2648; x_wconf 89' lang='grc' dir='ltr'><strong>ἐν</strong></span> <span class='ocrx_word' id='word_1_199' title='bbox 459 2583 558 2671; x_wconf 76' lang='grc' dir='ltr'><strong><em>αὐτῷ,</em></strong></span> <span class='ocrx_word' id='word_1_200' title='bbox 577 2585 633 2650; x_wconf 78' lang='grc' dir='ltr'><strong>καί</strong></span> <span class='ocrx_word' id='word_1_201' title='bbox 654 2587 744 2648; x_wconf 78' lang='grc' dir='ltr'><strong><em>τοῦτο</em></strong></span> <span class='ocrx_word' id='word_1_202' title='bbox 766 2587 879 2665; x_wconf 77' lang='grc' dir='ltr'><strong><em>διχῶς·</em></strong></span> <span class='ocrx_word' id='word_1_203' title='bbox 927 2583 948 2669; x_wconf 78' lang='grc' dir='ltr'><em>ἢ</em></span> <span class='ocrx_word' id='word_1_204' title='bbox 969 2584 1031 2672; x_wconf 86' lang='grc' dir='ltr'><strong>γάρ</strong></span> <span class='ocrx_word' id='word_1_205' title='bbox 1053 2582 1133 2650; x_wconf 85' lang='grc' dir='ltr'><strong><em>κατά</em></strong></span> <span class='ocrx_word' id='word_1_206' title='bbox 1154 2582 1256 2650; x_wconf 89' lang='grc' dir='ltr'><strong><em>ποσόν</em></strong></span> <span class='ocrx_word' id='word_1_207' title='bbox 1272 2605 1361 2662; x_wconf 84' lang='grc' dir='ltr'><strong><em>μετα-</em></strong></span> 
     </span>
     <span class='ocr_line' id='line_1_24' title="bbox 275 2677 1363 2774; baseline -0.004 -26"><span class='ocrx_word' id='word_1_208' title='bbox 275 2683 446 2768; x_wconf 85' lang='grc' dir='ltr'><strong><em>βάλλεται,</em></strong></span> <span class='ocrx_word' id='word_1_209' title='bbox 466 2684 549 2750; x_wconf 82' lang='grc' dir='ltr'><strong><em>καθδ</em></strong></span> <span class='ocrx_word' id='word_1_210' title='bbox 578 2684 599 2770; x_wconf 79' lang='grc' dir='ltr'>ἡ</span> <span class='ocrx_word' id='word_1_211' title='bbox 622 2681 755 2774; x_wconf 82' lang='grc' dir='ltr'><strong><em>αόξησις</em></strong></span> <span class='ocrx_word' id='word_1_212' title='bbox 776 2687 831 2750; x_wconf 78' lang='grc' dir='ltr'>καί</span> <span class='ocrx_word' id='word_1_213' title='bbox 852 2683 887 2770; x_wconf 80' lang='grc' dir='ltr'><em>ἦ</em></span> <span class='ocrx_word' id='word_1_214' title='bbox 901 2688 1036 2770; x_wconf 89' lang='grc' dir='ltr'><strong><em>μείωσις</em></strong></span> <span class='ocrx_word' id='word_1_215' title='bbox 1059 2689 1231 2764; x_wconf 87' lang='grc' dir='ltr'><strong><em>δείιινυται,</em></strong></span> <span class='ocrx_word' id='word_1_216' title='bbox 1253 2681 1270 2769; x_wconf 81' lang='grc' dir='ltr'>ἢ</span> <span class='ocrx_word' id='word_1_217' title='bbox 1289 2677 1363 2747; x_wconf 82' lang='grc' dir='ltr'><strong><em>κατὰ</em></strong></span> 
     </span>
    </p>
   </div>
   <div class='ocr_carea' id='block_1_3' title="bbox 169 2935 1457 4282">
    <p class='ocr_par' dir='ltr' id='par_1_5' title="bbox 276 2935 1457 3076">
     <span class='ocr_line' id='line_1_25' title="bbox 276 2935 1457 3006; baseline 0 -18"><span class='ocrx_word' id='word_1_218' title='bbox 276 2935 315 2989; x_wconf 90' lang='lat' dir='ltr'><strong>cis</strong></span> <span class='ocrx_word' id='word_1_219' title='bbox 334 2936 521 2990; x_wconf 75' lang='lat' dir='ltr'><strong>certaminibus</strong></span> <span class='ocrx_word' id='word_1_220' title='bbox 539 2937 653 2990; x_wconf 84' lang='lat' dir='ltr'><strong>studium</strong></span> <span class='ocrx_word' id='word_1_221' title='bbox 673 2937 797 3004; x_wconf 83' lang='lat' dir='ltr'><strong>ostendit,</strong></span> <span class='ocrx_word' id='word_1_222' title='bbox 816 2945 845 2990; x_wconf 92' lang='lat' dir='ltr'><strong>ut</strong></span> <span class='ocrx_word' id='word_1_223' title='bbox 863 2939 891 2990; x_wconf 90' lang='lat' dir='ltr'><strong>in</strong></span> <span class='ocrx_word' id='word_1_224' title='bbox 910 2937 1050 3006; x_wconf 70' lang='lat' dir='ltr'><strong>principiis</strong></span> <span class='ocrx_word' id='word_1_225' title='bbox 1066 2936 1162 2989; x_wconf 73' lang='lat' dir='ltr'><strong>luorum</strong></span> <span class='ocrx_word' id='word_1_226' title='bbox 1179 2936 1310 2990; x_wconf 86' lang='lat' dir='ltr'><strong>librorum</strong></span> <span class='ocrx_word' id='word_1_227' title='bbox 1328 2935 1369 2988; x_wconf 84' lang='lat' dir='ltr'><strong>io-</strong></span> <span class='ocrx_word' id='word_1_228' title='bbox 1456 2957 1457 2966; x_wconf 31' lang='grc' dir='ltr'><strong><em>ι</em></strong></span> 
     </span>
     <span class='ocr_line' id='line_1_26' title="bbox 276 3008 1370 3076; baseline -0.002 -16"><span class='ocrx_word' id='word_1_229' title='bbox 276 3008 332 3060; x_wconf 85' lang='lat' dir='ltr'><strong>sins</strong></span> <span class='ocrx_word' id='word_1_230' title='bbox 353 3008 388 3060; x_wconf 90' lang='lat' dir='ltr'><strong>de</strong></span> <span class='ocrx_word' id='word_1_231' title='bbox 406 3023 438 3060; x_wconf 88' lang='lat' dir='ltr'><strong>eo</strong></span> <span class='ocrx_word' id='word_1_232' title='bbox 457 3008 535 3060; x_wconf 82' lang='lat' dir='ltr'><strong>nobis</strong></span> <span class='ocrx_word' id='word_1_233' title='bbox 553 3008 651 3060; x_wconf 87' lang='lat' dir='ltr'><strong>dietum</strong></span> <span class='ocrx_word' id='word_1_234' title='bbox 674 3016 729 3073; x_wconf 89' lang='lat' dir='ltr'><strong>est,</strong></span> <span class='ocrx_word' id='word_1_235' title='bbox 754 3012 869 3062; x_wconf 89' lang='lat' dir='ltr'><strong>omnium</strong></span> <span class='ocrx_word' id='word_1_236' title='bbox 895 3010 1052 3061; x_wconf 89' lang='lat' dir='ltr'><strong>acerrimum</strong></span> <span class='ocrx_word' id='word_1_237' title='bbox 1080 3016 1191 3075; x_wconf 91' lang='lat' dir='ltr'><strong>propter</strong></span> <span class='ocrx_word' id='word_1_238' title='bbox 1215 3008 1370 3076; x_wconf 79' lang='lat' dir='ltr'><strong>religionem</strong></span> 
     </span>
    </p>

    <p class='ocr_par' dir='ltr' id='par_1_6' title="bbox 169 3078 1456 4282">
     <span class='ocr_line' id='line_1_27' title="bbox 169 3078 1370 3153; baseline 0.001 -23"><span class='ocrx_word' id='word_1_239' title='bbox 169 3146 172 3153; x_wconf 30' lang='lat'>¹</span> <span class='ocrx_word' id='word_1_240' title='bbox 276 3079 390 3131; x_wconf 88' lang='lat' dir='ltr'><strong>animum</strong></span> <span class='ocrx_word' id='word_1_241' title='bbox 410 3079 531 3131; x_wconf 82' lang='lat' dir='ltr'><strong>exhibuit</strong></span> <span class='ocrx_word' id='word_1_242' title='bbox 550 3087 577 3130; x_wconf 97' lang='lat' dir='ltr'><strong>et</strong></span> <span class='ocrx_word' id='word_1_243' title='bbox 593 3079 714 3144; x_wconf 77' lang='lat' dir='ltr'><strong>tyrannis</strong></span> <span class='ocrx_word' id='word_1_244' title='bbox 734 3078 784 3132; x_wconf 91' lang='lat' dir='ltr'><strong>illo</strong></span> <span class='ocrx_word' id='word_1_245' title='bbox 801 3089 922 3148; x_wconf 88' lang='lat' dir='ltr'><strong>tempore</strong></span> <span class='ocrx_word' id='word_1_246' title='bbox 941 3080 975 3131; x_wconf 91' lang='lat' dir='ltr'><strong>de</strong></span> <span class='ocrx_word' id='word_1_247' title='bbox 993 3081 1076 3132; x_wconf 89' lang='lat' dir='ltr'><strong>sacris</strong></span> <span class='ocrx_word' id='word_1_248' title='bbox 1097 3078 1259 3148; x_wconf 75' lang='lat' dir='ltr'><strong>imaginibus</strong></span> <span class='ocrx_word' id='word_1_249' title='bbox 1280 3079 1370 3131; x_wconf 86' lang='lat' dir='ltr'><strong>iuren-</strong></span> 
     </span>
     <span class='ocr_line' id='line_1_28' title="bbox 274 3150 1370 3218; baseline -0.002 -17"><span class='ocrx_word' id='word_1_250' title='bbox 274 3150 345 3201; x_wconf 91' lang='lat' dir='ltr'><strong>tibns</strong></span> <span class='ocrx_word' id='word_1_251' title='bbox 365 3152 499 3217; x_wconf 90' lang='lat' dir='ltr'><strong>opposuit,</strong></span> <span class='ocrx_word' id='word_1_252' title='bbox 516 3165 531 3202; x_wconf 91' lang='lat' dir='ltr'><strong>a</strong></span> <span class='ocrx_word' id='word_1_253' title='bbox 551 3151 647 3217; x_wconf 88' lang='lat' dir='ltr'><strong>quibos</strong></span> <span class='ocrx_word' id='word_1_254' title='bbox 665 3150 749 3202; x_wconf 76' lang='lat' dir='ltr'><strong>iacies</strong></span> <span class='ocrx_word' id='word_1_255' title='bbox 770 3153 827 3204; x_wconf 89' lang='lat' dir='ltr'><strong>eius</strong></span> <span class='ocrx_word' id='word_1_256' title='bbox 846 3151 978 3218; x_wconf 88' lang='lat' dir='ltr'><strong>descripta</strong></span> <span class='ocrx_word' id='word_1_257' title='bbox 999 3159 1040 3203; x_wconf 88' lang='lat' dir='ltr'><strong>est</strong></span> <span class='ocrx_word' id='word_1_258' title='bbox 1059 3157 1085 3202; x_wconf 89' lang='lat' dir='ltr'><strong>et</strong></span> <span class='ocrx_word' id='word_1_259' title='bbox 1103 3152 1218 3217; x_wconf 85' lang='lat' dir='ltr'><strong>depicta,</strong></span> <span class='ocrx_word' id='word_1_260' title='bbox 1237 3151 1310 3204; x_wconf 85' lang='lat' dir='ltr'><strong>unde</strong></span> <span class='ocrx_word' id='word_1_261' title='bbox 1326 3151 1370 3202; x_wconf 86' lang='lat' dir='ltr'><strong>de-</strong></span> 
     </span>
     <span class='ocr_line' id='line_1_29' title="bbox 274 3220 1456 3290; baseline -0.001 -16"><span class='ocrx_word' id='word_1_262' title='bbox 274 3221 366 3287; x_wconf 88' lang='lat' dir='ltr'><strong>scripti</strong></span> <span class='ocrx_word' id='word_1_263' title='bbox 392 3235 488 3273; x_wconf 90' lang='lat' dir='ltr'><strong>nomen</strong></span> <span class='ocrx_word' id='word_1_264' title='bbox 517 3220 594 3284; x_wconf 86' lang='lat' dir='ltr'><strong>tulit;</strong></span> <span class='ocrx_word' id='word_1_265' title='bbox 622 3235 701 3290; x_wconf 88' lang='lat' dir='ltr'><strong>quum</strong></span> <span class='ocrx_word' id='word_1_266' title='bbox 727 3221 848 3288; x_wconf 88' lang='lat' dir='ltr'><strong>plurimis</strong></span> <span class='ocrx_word' id='word_1_267' title='bbox 867 3221 927 3274; x_wconf 88' lang='lat' dir='ltr'><strong>aliis</strong></span> <span class='ocrx_word' id='word_1_268' title='bbox 954 3222 1030 3273; x_wconf 91' lang='lat' dir='ltr'><strong>libris</strong></span> <span class='ocrx_word' id='word_1_269' title='bbox 1057 3222 1101 3273; x_wconf 90' lang='lat' dir='ltr'><strong>dei</strong></span> <span class='ocrx_word' id='word_1_270' title='bbox 1126 3221 1269 3272; x_wconf 87' lang='lat' dir='ltr'><strong>ecelesiam</strong></span> <span class='ocrx_word' id='word_1_271' title='bbox 1295 3235 1371 3272; x_wconf 83' lang='lat' dir='ltr'><strong>excr-</strong></span> <span class='ocrx_word' id='word_1_272' title='bbox 1455 3255 1456 3273; x_wconf 59' lang='lat' dir='ltr'><strong>r</strong></span> 
     </span>
     <span class='ocr_line' id='line_1_30' title="bbox 273 3291 1371 3359; baseline -0.005 -16"><span class='ocrx_word' id='word_1_273' title='bbox 273 3293 358 3355; x_wconf 80' lang='lat' dir='ltr'><strong>navit,</strong></span> <span class='ocrx_word' id='word_1_274' title='bbox 380 3299 433 3342; x_wconf 88' lang='lat' dir='ltr'><strong>tom</strong></span> <span class='ocrx_word' id='word_1_275' title='bbox 457 3293 496 3342; x_wconf 88' lang='lat' dir='ltr'><strong>eis</strong></span> <span class='ocrx_word' id='word_1_276' title='bbox 513 3293 642 3355; x_wconf 85' lang='lat' dir='ltr'><strong>maxime,</strong></span> <span class='ocrx_word' id='word_1_277' title='bbox 663 3306 729 3359; x_wconf 88' lang='lat' dir='ltr'><strong>quos</strong></span> <span class='ocrx_word' id='word_1_278' title='bbox 749 3294 782 3345; x_wconf 91' lang='lat' dir='ltr'><strong>de</strong></span> <span class='ocrx_word' id='word_1_279' title='bbox 800 3292 980 3345; x_wconf 73' lang='lat' dir='ltr'><strong>iconomachis</strong></span> <span class='ocrx_word' id='word_1_280' title='bbox 1006 3293 1101 3355; x_wconf 80' lang='lat' dir='ltr'><strong>edidit3</strong></span> <span class='ocrx_word' id='word_1_281' title='bbox 1126 3293 1154 3343; x_wconf 87' lang='lat' dir='ltr'><strong>in</strong></span> <span class='ocrx_word' id='word_1_282' title='bbox 1172 3291 1314 3343; x_wconf 75' lang='lat' dir='ltr'><strong>historiam</strong></span> <span class='ocrx_word' id='word_1_283' title='bbox 1332 3293 1371 3341; x_wconf 87' lang='lat' dir='ltr'><strong>in.</strong></span> 
     </span>
     <span class='ocr_line' id='line_1_31' title="bbox 275 3361 1372 3432; baseline 0 -20"><span class='ocrx_word' id='word_1_284' title='bbox 275 3362 367 3413; x_wconf 84' lang='lat' dir='ltr'><strong>cidens</strong></span> <span class='ocrx_word' id='word_1_285' title='bbox 388 3361 462 3413; x_wconf 93' lang='lat' dir='ltr'><strong>illius</strong></span> <span class='ocrx_word' id='word_1_286' title='bbox 488 3363 561 3428; x_wconf 90' lang='lat' dir='ltr'><strong>impii</strong></span> <span class='ocrx_word' id='word_1_287' title='bbox 587 3363 713 3427; x_wconf 88' lang='lat' dir='ltr'><strong>Eusebii‚</strong></span> <span class='ocrx_word' id='word_1_288' title='bbox 739 3365 784 3432; x_wconf 91' lang='lat' dir='ltr'><strong>qui</strong></span> <span class='ocrx_word' id='word_1_289' title='bbox 809 3365 836 3414; x_wconf 91' lang='lat' dir='ltr'><strong>in</strong></span> <span class='ocrx_word' id='word_1_290' title='bbox 866 3364 914 3414; x_wconf 87' lang='lat' dir='ltr'><strong>hac</strong></span> <span class='ocrx_word' id='word_1_291' title='bbox 950 3379 979 3416; x_wconf 89' lang='lat' dir='ltr'><strong>re</strong></span> <span class='ocrx_word' id='word_1_292' title='bbox 1004 3365 1115 3431; x_wconf 92' lang='lat' dir='ltr'><strong>primum</strong></span> <span class='ocrx_word' id='word_1_293' title='bbox 1134 3363 1250 3414; x_wconf 74' lang='lat' dir='ltr'><strong>obtinuit</strong></span> <span class='ocrx_word' id='word_1_294' title='bbox 1276 3363 1372 3423; x_wconf 87' lang='lat' dir='ltr'><strong>locum,</strong></span> 
     </span>
     <span class='ocr_line' id='line_1_32' title="bbox 275 3431 1371 3501; baseline -0.003 -18"><span class='ocrx_word' id='word_1_295' title='bbox 275 3439 383 3500; x_wconf 88' lang='lat' dir='ltr'><strong>praeter</strong></span> <span class='ocrx_word' id='word_1_296' title='bbox 402 3432 456 3483; x_wconf 91' lang='lat' dir='ltr'><strong>alia</strong></span> <span class='ocrx_word' id='word_1_297' title='bbox 475 3431 543 3483; x_wconf 89' lang='lat' dir='ltr'><strong>haec</strong></span> <span class='ocrx_word' id='word_1_298' title='bbox 563 3434 683 3485; x_wconf 88' lang='lat' dir='ltr'><strong>disserit:</strong></span> <span class='ocrx_word' id='word_1_299' title='bbox 709 3435 778 3501; x_wconf 91' lang='lat' dir='ltr'><strong>quod</strong></span> <span class='ocrx_word' id='word_1_300' title='bbox 804 3434 891 3485; x_wconf 89' lang='lat' dir='ltr'><strong>lucem</strong></span> <span class='ocrx_word' id='word_1_301' title='bbox 909 3434 1043 3486; x_wconf 76' lang='lat' dir='ltr'><strong>infandam</strong></span> <span class='ocrx_word' id='word_1_302' title='bbox 1064 3443 1090 3486; x_wconf 90' lang='lat' dir='ltr'><strong>et</strong></span> <span class='ocrx_word' id='word_1_303' title='bbox 1109 3433 1331 3500; x_wconf 86' lang='lat' dir='ltr'><strong>incoplicabilem</strong></span> <span class='ocrx_word' id='word_1_304' title='bbox 1351 3439 1371 3483; x_wconf 88' lang='lat' dir='ltr'><strong>et</strong></span> 
     </span>
     <span class='ocr_line' id='line_1_33' title="bbox 276 3502 1455 3580; baseline 0.001 -26"><span class='ocrx_word' id='word_1_305' title='bbox 276 3503 326 3554; x_wconf 94' lang='lat' dir='ltr'><strong>deo</strong></span> <span class='ocrx_word' id='word_1_306' title='bbox 348 3502 431 3554; x_wconf 80' lang='lat' dir='ltr'><strong>serbo</strong></span> <span class='ocrx_word' id='word_1_307' title='bbox 459 3503 591 3556; x_wconf 82' lang='lat' dir='ltr'><strong>dicentem</strong></span> <span class='ocrx_word' id='word_1_308' title='bbox 619 3505 715 3556; x_wconf 76' lang='lat' dir='ltr'><strong>attinet</strong></span> <span class='ocrx_word' id='word_1_309' title='bbox 732 3504 868 3556; x_wconf 84' lang='lat' dir='ltr'><strong>illudendo</strong></span> <span class='ocrx_word' id='word_1_310' title='bbox 894 3506 999 3572; x_wconf 82' lang='lat' dir='ltr'><strong>profert</strong></span> <span class='ocrx_word' id='word_1_311' title='bbox 1018 3505 1150 3580; x_wconf 55' lang='lat' dir='ltr'><strong>doschiae</strong></span> <span class='ocrx_word' id='word_1_312' title='bbox 1168 3506 1244 3557; x_wconf 82' lang='lat' dir='ltr'><strong>servi</strong></span> <span class='ocrx_word' id='word_1_313' title='bbox 1265 3505 1371 3556; x_wconf 78' lang='lat' dir='ltr'><strong>forman</strong></span> <span class='ocrx_word' id='word_1_314' title='bbox 1454 3537 1455 3540; x_wconf 55' lang='lat'><em>=</em></span> 
     </span>
     <span class='ocr_line' id='line_1_34' title="bbox 275 3574 1372 3645; baseline 0 -21"><span class='ocrx_word' id='word_1_315' title='bbox 275 3581 447 3640; x_wconf 83' lang='lat' dir='ltr'><strong>permutatam</strong></span> <span class='ocrx_word' id='word_1_316' title='bbox 476 3589 536 3625; x_wconf 91' lang='lat' dir='ltr'><strong>esse</strong></span> <span class='ocrx_word' id='word_1_317' title='bbox 555 3576 581 3626; x_wconf 89' lang='lat' dir='ltr'><strong>in</strong></span> <span class='ocrx_word' id='word_1_318' title='bbox 600 3582 709 3640; x_wconf 84' lang='lat' dir='ltr'><strong>monte,</strong></span> <span class='ocrx_word' id='word_1_319' title='bbox 740 3574 827 3628; x_wconf 87' lang='lat' dir='ltr'><strong>lucem</strong></span> <span class='ocrx_word' id='word_1_320' title='bbox 852 3592 928 3645; x_wconf 90' lang='lat' dir='ltr'><strong>quam</strong></span> <span class='ocrx_word' id='word_1_321' title='bbox 952 3577 1043 3630; x_wconf 89' lang='lat' dir='ltr'><strong>nullus</strong></span> <span class='ocrx_word' id='word_1_322' title='bbox 1071 3576 1165 3629; x_wconf 87' lang='lat' dir='ltr'><strong>oculus</strong></span> <span class='ocrx_word' id='word_1_323' title='bbox 1190 3576 1274 3641; x_wconf 83' lang='lat' dir='ltr'><strong>vidit,</strong></span> <span class='ocrx_word' id='word_1_324' title='bbox 1303 3575 1372 3628; x_wconf 90' lang='lat' dir='ltr'><strong>nulla</strong></span> 
     </span>
     <span class='ocr_line' id='line_1_35' title="bbox 276 3644 1371 3715; baseline 0 -20"><span class='ocrx_word' id='word_1_325' title='bbox 276 3644 348 3695; x_wconf 89' lang='lat' dir='ltr'><strong>auris</strong></span> <span class='ocrx_word' id='word_1_326' title='bbox 367 3646 489 3712; x_wconf 87' lang='lat' dir='ltr'><strong>percepit</strong></span> <span class='ocrx_word' id='word_1_327' title='bbox 509 3654 536 3696; x_wconf 91' lang='lat' dir='ltr'><strong>et</strong></span> <span class='ocrx_word' id='word_1_328' title='bbox 556 3661 623 3714; x_wconf 84' lang='lat' dir='ltr'><strong>qnae</strong></span> <span class='ocrx_word' id='word_1_329' title='bbox 642 3647 669 3697; x_wconf 90' lang='lat' dir='ltr'><strong>in</strong></span> <span class='ocrx_word' id='word_1_330' title='bbox 687 3645 789 3698; x_wconf 89' lang='lat' dir='ltr'><strong>nullius</strong></span> <span class='ocrx_word' id='word_1_331' title='bbox 809 3647 922 3699; x_wconf 88' lang='lat' dir='ltr'><strong>hominis</strong></span> <span class='ocrx_word' id='word_1_332' title='bbox 941 3657 1034 3715; x_wconf 92' lang='lat' dir='ltr'><strong>pectus</strong></span> <span class='ocrx_word' id='word_1_333' title='bbox 1054 3649 1137 3700; x_wconf 84' lang='lat' dir='ltr'><strong>venit.</strong></span> <span class='ocrx_word' id='word_1_334' title='bbox 1174 3647 1243 3698; x_wconf 90' lang='lat' dir='ltr'><strong>haec</strong></span> <span class='ocrx_word' id='word_1_335' title='bbox 1265 3645 1371 3700; x_wconf 87' lang='lat' dir='ltr'><strong>Eusebii</strong></span> 
     </span>
     <span class='ocr_line' id='line_1_36' title="bbox 277 3714 1371 3786; baseline 0 -20"><span class='ocrx_word' id='word_1_336' title='bbox 277 3714 377 3780; x_wconf 84' lang='lat' dir='ltr'><strong>verba,</strong></span> <span class='ocrx_word' id='word_1_337' title='bbox 397 3716 493 3784; x_wconf 87' lang='lat' dir='ltr'><strong>quibus</strong></span> <span class='ocrx_word' id='word_1_338' title='bbox 513 3723 593 3768; x_wconf 89' lang='lat' dir='ltr'><strong>totam</strong></span> <span class='ocrx_word' id='word_1_339' title='bbox 613 3717 736 3776; x_wconf 87' lang='lat' dir='ltr'><strong>haeresin</strong></span> <span class='ocrx_word' id='word_1_340' title='bbox 757 3719 913 3786; x_wconf 87' lang='lat' dir='ltr'><strong>composuit.</strong></span> <span class='ocrx_word' id='word_1_341' title='bbox 952 3735 1004 3786; x_wconf 91' lang='lat' dir='ltr'><strong>quo</strong></span> <span class='ocrx_word' id='word_1_342' title='bbox 1022 3733 1088 3771; x_wconf 84' lang='lat' dir='ltr'><strong>vero</strong></span> <span class='ocrx_word' id='word_1_343' title='bbox 1106 3718 1148 3770; x_wconf 92' lang='lat' dir='ltr'><strong>illi</strong></span> <span class='ocrx_word' id='word_1_344' title='bbox 1167 3718 1237 3770; x_wconf 89' lang='lat' dir='ltr'><strong>haec</strong></span> <span class='ocrx_word' id='word_1_345' title='bbox 1255 3718 1371 3770; x_wconf 89' lang='lat' dir='ltr'><strong>doctrina</strong></span> 
     </span>
     <span class='ocr_line' id='line_1_37' title="bbox 277 3785 1454 3858; baseline 0.001 -22"><span class='ocrx_word' id='word_1_346' title='bbox 277 3793 304 3841; x_wconf 89' lang='lat' dir='ltr'><strong>et</strong></span> <span class='ocrx_word' id='word_1_347' title='bbox 321 3785 417 3854; x_wconf 72' lang='lat' dir='ltr'><strong>dogma</strong></span> <span class='ocrx_word' id='word_1_348' title='bbox 434 3786 533 3850; x_wconf 85' lang='lat' dir='ltr'><strong>flectat,</strong></span> <span class='ocrx_word' id='word_1_349' title='bbox 553 3803 628 3855; x_wconf 92' lang='lat' dir='ltr'><strong>quam</strong></span> <span class='ocrx_word' id='word_1_350' title='bbox 648 3791 761 3842; x_wconf 81' lang='lat' dir='ltr'><strong>maxime</strong></span> <span class='ocrx_word' id='word_1_351' title='bbox 780 3791 872 3856; x_wconf 90' lang='lat' dir='ltr'><strong>paucis</strong></span> <span class='ocrx_word' id='word_1_352' title='bbox 893 3789 1029 3842; x_wconf 85' lang='lat' dir='ltr'><strong>videamus</strong></span> <span class='ocrx_word' id='word_1_353' title='bbox 1051 3799 1077 3841; x_wconf 93' lang='lat' dir='ltr'><strong>et</strong></span> <span class='ocrx_word' id='word_1_354' title='bbox 1095 3805 1164 3858; x_wconf 90' lang='lat' dir='ltr'><strong>quae</strong></span> <span class='ocrx_word' id='word_1_355' title='bbox 1180 3789 1325 3857; x_wconf 86' lang='lat' dir='ltr'><strong>qualisque</strong></span> <span class='ocrx_word' id='word_1_356' title='bbox 1341 3788 1371 3842; x_wconf 90' lang='lat' dir='ltr'><strong>sit</strong></span> <span class='ocrx_word' id='word_1_357' title='bbox 1453 3785 1454 3790; x_wconf 76' lang='grc'>’</span> 
     </span>
     <span class='ocr_line' id='line_1_38' title="bbox 277 3858 1371 3931; baseline 0.01 -25"><span class='ocrx_word' id='word_1_358' title='bbox 277 3858 480 3922; x_wconf 73' lang='lat' dir='ltr'><strong>permutationis</strong></span> <span class='ocrx_word' id='word_1_359' title='bbox 498 3860 566 3926; x_wconf 79' lang='lat' dir='ltr'><strong>rqtio</strong></span> <span class='ocrx_word' id='word_1_360' title='bbox 586 3861 734 3928; x_wconf 87' lang='lat' dir='ltr'><strong>disquirere</strong></span> <span class='ocrx_word' id='word_1_361' title='bbox 754 3875 889 3912; x_wconf 91' lang='lat' dir='ltr'><strong>conemur.</strong></span> <span class='ocrx_word' id='word_1_362' title='bbox 936 3869 1022 3912; x_wconf 69' lang='lat' dir='ltr'><strong>omne*</strong></span> <span class='ocrx_word' id='word_1_363' title='bbox 1041 3863 1111 3931; x_wconf 89' lang='lat' dir='ltr'><strong>quod</strong></span> <span class='ocrx_word' id='word_1_364' title='bbox 1139 3869 1305 3927; x_wconf 86' lang='lat' dir='ltr'><strong>permutatur</strong></span> <span class='ocrx_word' id='word_1_365' title='bbox 1325 3864 1371 3917; x_wconf 67' lang='lat'><strong>1¹⁰⁸</strong></span> 
     </span>
     <span class='ocr_line' id='line_1_39' title="bbox 276 3927 1370 4000; baseline 0.003 -23"><span class='ocrx_word' id='word_1_366' title='bbox 276 3927 457 3978; x_wconf 86' lang='lat' dir='ltr'><strong>essentialiter</strong></span> <span class='ocrx_word' id='word_1_367' title='bbox 475 3938 647 3995; x_wconf 85' lang='lat' dir='ltr'><strong>permutatur,</strong></span> <span class='ocrx_word' id='word_1_368' title='bbox 667 3932 694 3982; x_wconf 91' lang='lat' dir='ltr'><strong>id</strong></span> <span class='ocrx_word' id='word_1_369' title='bbox 712 3933 781 3999; x_wconf 89' lang='lat' dir='ltr'><strong>quod</strong></span> <span class='ocrx_word' id='word_1_370' title='bbox 799 3940 902 4000; x_wconf 87' lang='lat' dir='ltr'><strong>spectat</strong></span> <span class='ocrx_word' id='word_1_371' title='bbox 920 3933 953 3984; x_wconf 96' lang='lat' dir='ltr'><strong>ad</strong></span> <span class='ocrx_word' id='word_1_372' title='bbox 973 3940 1059 3984; x_wconf 89' lang='lat' dir='ltr'><strong>ortum</strong></span> <span class='ocrx_word' id='word_1_373' title='bbox 1078 3941 1105 3984; x_wconf 92' lang='lat' dir='ltr'><strong>et</strong></span> <span class='ocrx_word' id='word_1_374' title='bbox 1117 3929 1241 3983; x_wconf 79' lang='lat' dir='ltr'><strong>occasum</strong></span> <span class='ocrx_word' id='word_1_375' title='bbox 1252 3939 1299 3982; x_wconf 87' lang='lat' dir='ltr'><strong>aut</strong></span> <span class='ocrx_word' id='word_1_376' title='bbox 1311 3945 1370 3997; x_wconf 87' lang='lat' dir='ltr'><strong>per-</strong></span> 
     </span>
     <span class='ocr_line' id='line_1_40' title="bbox 274 3996 1453 4070; baseline 0.002 -21"><span class='ocrx_word' id='word_1_377' title='bbox 274 3996 435 4063; x_wconf 88' lang='lat' dir='ltr'><strong>ticulnriter,</strong></span> <span class='ocrx_word' id='word_1_378' title='bbox 456 4014 524 4066; x_wconf 88' lang='lat' dir='ltr'><strong>quae</strong></span> <span class='ocrx_word' id='word_1_379' title='bbox 543 4003 611 4053; x_wconf 84' lang='lat' dir='ltr'><strong>ratio</strong></span> <span class='ocrx_word' id='word_1_380' title='bbox 632 4001 730 4068; x_wconf 86' lang='lat' dir='ltr'><strong>duplex</strong></span> <span class='ocrx_word' id='word_1_381' title='bbox 749 4012 801 4054; x_wconf 86' lang='lat' dir='ltr'><strong>est:</strong></span> <span class='ocrx_word' id='word_1_382' title='bbox 821 4012 868 4055; x_wconf 87' lang='lat' dir='ltr'><strong>ant</strong></span> <span class='ocrx_word' id='word_1_383' title='bbox 889 4004 957 4054; x_wconf 87' lang='lat' dir='ltr'><strong>enim</strong></span> <span class='ocrx_word' id='word_1_384' title='bbox 969 4004 1001 4054; x_wconf 90' lang='lat' dir='ltr'><strong>ad</strong></span> <span class='ocrx_word' id='word_1_385' title='bbox 1015 4005 1188 4070; x_wconf 88' lang='lat' dir='ltr'><strong>quantitatem</strong></span> <span class='ocrx_word' id='word_1_386' title='bbox 1201 4009 1369 4070; x_wconf 82' lang='lat' dir='ltr'><strong>permutatur,</strong></span> <span class='ocrx_word' id='word_1_387' title='bbox 1452 4013 1453 4020; x_wconf 57' lang='lat'>¹</span> 
     </span>
     <span class='ocr_line' id='line_1_41' title="bbox 274 4069 1368 4143; baseline -0.001 -24"><span class='ocrx_word' id='word_1_388' title='bbox 274 4075 303 4119; x_wconf 87' lang='lat' dir='ltr'><strong>ut</strong></span> <span class='ocrx_word' id='word_1_389' title='bbox 323 4069 411 4120; x_wconf 87' lang='lat' dir='ltr'><strong>auctio</strong></span> <span class='ocrx_word' id='word_1_390' title='bbox 434 4078 461 4121; x_wconf 92' lang='lat' dir='ltr'><strong>et</strong></span> <span class='ocrx_word' id='word_1_391' title='bbox 480 4069 624 4124; x_wconf 89' lang='lat' dir='ltr'><strong>deminutio</strong></span> <span class='ocrx_word' id='word_1_392' title='bbox 646 4080 691 4123; x_wconf 90' lang='lat' dir='ltr'><strong>aut</strong></span> <span class='ocrx_word' id='word_1_393' title='bbox 711 4074 743 4124; x_wconf 93' lang='lat' dir='ltr'><strong>ad</strong></span> <span class='ocrx_word' id='word_1_394' title='bbox 762 4075 925 4143; x_wconf 82' lang='lat' dir='ltr'><strong>qualitatem,</strong></span> <span class='ocrx_word' id='word_1_395' title='bbox 946 4090 978 4125; x_wconf 86' lang='lat' dir='ltr'><strong>ex</strong></span> <span class='ocrx_word' id='word_1_396' title='bbox 997 4091 1047 4142; x_wconf 86' lang='lat' dir='ltr'><strong>qua</strong></span> <span class='ocrx_word' id='word_1_397' title='bbox 1067 4072 1368 4142; x_wconf 86' lang='lat' dir='ltr'><strong>consequiturvariatio.</strong></span> 
     </span>
     <span class='ocr_line' id='line_1_42' title="bbox 274 4140 1368 4211; baseline 0.005 -20"><span class='ocrx_word' id='word_1_398' title='bbox 274 4141 296 4192; x_wconf 88' lang='lat' dir='ltr'><strong>si</strong></span> <span class='ocrx_word' id='word_1_399' title='bbox 317 4140 398 4206; x_wconf 83' lang='lat' dir='ltr'><strong>igitur</strong></span> <span class='ocrx_word' id='word_1_400' title='bbox 415 4141 447 4192; x_wconf 88' lang='lat' dir='ltr'><strong>ad</strong></span> <span class='ocrx_word' id='word_1_401' title='bbox 467 4141 619 4209; x_wconf 87' lang='lat' dir='ltr'><strong>qualitatem</strong></span> <span class='ocrx_word' id='word_1_402' title='bbox 633 4152 780 4208; x_wconf 89' lang='lat' dir='ltr'><strong>permutata</strong></span> <span class='ocrx_word' id='word_1_403' title='bbox 800 4155 849 4211; x_wconf 87' lang='lat' dir='ltr'><strong>cst,</strong></span> <span class='ocrx_word' id='word_1_404' title='bbox 869 4147 980 4198; x_wconf 85' lang='lat' dir='ltr'><strong>adducta</strong></span> <span class='ocrx_word' id='word_1_405' title='bbox 1001 4153 1040 4197; x_wconf 88' lang='lat' dir='ltr'><strong>est</strong></span> <span class='ocrx_word' id='word_1_406' title='bbox 1057 4147 1090 4197; x_wconf 86' lang='lat' dir='ltr'><strong>sd</strong></span> <span class='ocrx_word' id='word_1_407' title='bbox 1101 4147 1286 4210; x_wconf 86' lang='lat' dir='ltr'><strong>variationem,</strong></span> <span class='ocrx_word' id='word_1_408' title='bbox 1306 4154 1368 4211; x_wconf 83' lang='lat' dir='ltr'><strong>quat</strong></span> 
     </span>
     <span class='ocr_line' id='line_1_43' title="bbox 275 4212 1367 4282; baseline 0.002 -18"><span class='ocrx_word' id='word_1_409' title='bbox 275 4217 318 4264; x_wconf 87' lang='lat' dir='ltr'><strong>est</strong></span> <span class='ocrx_word' id='word_1_410' title='bbox 333 4212 530 4282; x_wconf 79' lang='lat' dir='ltr'><strong>transfiguratio</strong></span> <span class='ocrx_word' id='word_1_411' title='bbox 550 4215 711 4268; x_wconf 84' lang='lat' dir='ltr'><strong>characteris</strong></span> <span class='ocrx_word' id='word_1_412' title='bbox 730 4215 844 4270; x_wconf 88' lang='lat' dir='ltr'><strong>alienius</strong></span> <span class='ocrx_word' id='word_1_413' title='bbox 864 4217 954 4270; x_wconf 91' lang='lat' dir='ltr'><strong>autin</strong></span> <span class='ocrx_word' id='word_1_414' title='bbox 983 4233 1013 4270; x_wconf 91' lang='lat' dir='ltr'><strong>re</strong></span> <span class='ocrx_word' id='word_1_415' title='bbox 1031 4218 1152 4273; x_wconf 84' lang='lat' dir='ltr'><strong>subiecta</strong></span> <span class='ocrx_word' id='word_1_416' title='bbox 1169 4219 1280 4272; x_wconf 88' lang='lat' dir='ltr'><strong>mutatio</strong></span> <span class='ocrx_word' id='word_1_417' title='bbox 1299 4216 1367 4270; x_wconf 82' lang='lat' dir='ltr'><strong>inire</strong></span> 
     </span>
    </p>
   </div>
   <div class='ocr_carea' id='block_1_4' title="bbox 0 0 1468 4906">
    <p class='ocr_par' dir='ltr' id='par_1_7' title="bbox 0 0 1468 4906">
     <span class='ocr_line' id='line_1_44' title="bbox 0 0 1468 4906; baseline 0 0"><span class='ocrx_word' id='word_1_418' title='bbox 0 0 1468 4906; x_wconf 95' lang='lat' dir='ltr'><strong> </strong></span> 
     </span>
    </p>
   </div>
  </div>
 </body>
</html>
