2992 4918
274 352 327 426 36
583 359 806 428 NIOEPHORI
838 360 1069 429 GREGORAR

179 602 184 611 l
274 516 410 604 θρόνους
433 522 546 605 σαφῶς
567 516 693 602 ἔαυτόν,
715 525 913 610 συνῳκείωσε
935 525 962 586 d’
991 514 1057 604 ἅμα
1081 525 1125 608 τῷ
1145 519 1295 612 διαβόλῳ.
1312 521 1375 596 ,διό

274 623 329 683 καί
349 627 530 686 πλεονεκτεῖ
545 625 605 702 μὲν
625 621 715 704 ,κατά
738 622 793 705 τῆς
812 620 921 705 χώρας
944 621 1062 707 ἐκείνης
1093 621 1131 687 τοὶ
1154 621 1267 706 χείρω,
1291 613 1313 710 ᾖ
1334 621 1376 686 τό

274 717 384 784 τοιάδε
405 731 586 806 γεωργεῖται
608 724 712 801 κακά,
736 732 912 802 μειονεκτεῖ
929 726 957 786 δ’
981 719 1140 803 ἑπομένως
1162 722 1199 788 τά
1224 723 1374 808 κρείττω·

273 827 328 886 καί
348 825 465 904 γίνεται
486 820 639 904 παντελὴς
661 826 730 886 ε’κεῖ
748 824 851 887 καλῶν
875 822 1001 908 ε’ριγμιά,
1017 821 1073 886 καί
1086 831 1291 907 κατορχεῖται
1304 828 1376 887 λοι-

273 920 332 986 πόν
349 923 433 987 καίό
458 926 604 1005 διάβολος
626 917 727 1007 ἄρδην
743 925 841 1008 ου’τῆς
861 917 1034 1006 εὐσεβείας,
1054 924 1132 1008 πρός
1154 916 1286 1010 όρνησιν
1304 924 1402 1001 sobab

273 1017 362 1112 αότηῖ
385 1028 592 1104 πειθομένους
626 1024 726 1106 συχνά
760 1026 923 1107 ἐρεθιζων.
974 1017 1026 1090 οἷα
1059 1024 1098 1109 δὴ
1121 1025 1199 1090 aaut
1225 1024 1282 1108 τήν
1303 1030 1378 1119 Βυ-

274 1126 406 1203 ζαντίαν
426 1128 573 1208 γενέσθαι
595 1130 799 1205 ξομπέπτοοκε
820 1132 1000 1193 πολιτείαν·
1022 1125 1189 1210 μισήσασα
1210 1125 1271 1210 γάρ
1293 1127 1378 1211 άλη-

273 1230 368 1290 θειαν
390 1224 492 1311 ἐκείνη
513 1229 566 1291 κατ’
581 1232 739 1311 πολιτικῆς
752 1227 853 1313 ἀρχῆς
868 1227 1081 1313 δικαιοσύνην,
1104 1230 1332 1312 οἰκειωσαμένη
1348 1231 1378 1292 δ’

273 1327 400 1392 ἅδικίαν
415 1333 471 1392 καί
484 1331 613 1410 ψεῦδος,
634 1325 723 1404 όλαις
739 1328 902 1410 παλάμαις
915 1326 972 1403 τάς
992 1323 1108 1414 ἑαυτῆς
1123 1330 1203 1412 πρός
1225 1329 1392 1410 α’σέβεισν,

273 1429 443 1492 α’νεπέτασε
468 1426 580 1504 πάλας.
617 1428 751 1513 eductor)
774 1431 817 1515 uqi
840 1425 978 1517 διαβόλῳ
1007 1427 1154 1510 στόματος
1176 1426 1231 1494 ἔπε’
1251 1427 1373 1505 τούτοις
1387 1437 1419 1490 to

274 1527 340 1594 ἔδει
361 1532 415 1593 καί
437 1524 572 1609 ὀργάνου
593 1529 682 1612 μάλα
709 1532 799 1618 αότηῑ
818 1531 1027 1616 προσήκοντος
1048 1533 1116 1612 νῦν,
1139 1530 1279 1618 εὑρίσκει
1296 1536 1376 1596 Πα-

273 1633 400 1711 λαμοῖν,
430 1628 618 1712 α’νδράριον,
651 1629 693 1705 ὥς
717 1630 835 1714 άκήκοα
856 1635 935 1717 μέν,
961 1633 1175 1717 ε’ντελέστερον
1211 1633 1242 1695 d'
1263 1635 1298 1697 ε’νι
1319 1639 1375 1717 τῆς

274 1731 375 1794 ου’τοῦ
391 1729 591 1815 μεμαθηκειν
612 1733 759 1817 γραφῆς,
780 1735 903 1808 εδιελὲς
926 1735 984 1814 μὲν
1017 1725 1118 1808 άλλως
1138 1737 1194 1798 καί
1214 1734 1296 1817 σλη“ν
1317 1738 1377 1798 κοῦ

274 1835 446 1908 κενοδοξεῖν
478 1835 533 1895 καί
560 1835 601 1896 δι’
626 1832 704 1898 oded
725 1837 760 1924 γε’
782 1857 830 1898 τοι
851 1839 942 1899 τοῦτο
972 1837 1153 1913 κακοδοξεῖν
1175 1838 1268 1899 πλέον
1289 1831 1376 1910 εἶδός

274 1935 367 1997 ου’δὲν
389 1932 487 2014 δγιές·
508 1935 562 1997 καιΙ
584 1932 683 2023 τοότρι
706 1943 888 2017 συμμαχεῖν
910 1935 1064 2013 πεπεικοός
1086 1933 1159 2010 τοός
1179 1937 1213 2000 ἐν
1235 1939 1377 2025 ε’ξουσίη,
1387 1943 1418 1996 15

275 2028 378 2100 πάντα
407 2034 588 2118 συλλήβδην
615 2037 731 2114 εἰπεῖν,
769 2030 871 2100 όπόσα
891 2039 957 2102 κατ’
990 2032 1105 2110 ἄλλους
1127 2029 1208 2100 ἄλλα
1243 2035 1375 2119 καιρυός

274 2144 343 2210 ταῖς
364 2139 419 2200 τοῦ
441 2137 521 2199 θεοῦ
549 2132 727 2219 ἐκκλησίαις
747 2135 866 2221 βέβηλά
889 2162 921 2203 τε
950 2123 1005 2202 καί
1026 2136 1107 2202 νόθα
1127 2133 1376 2222 παρεισεφθάρη

275 2234 436 2320 δόγματα,
470 2234 551 2320 πρός
572 2238 628 2300 ἕνα
650 2237 775 2302 τουτονί
807 2235 965 2323 συνηλοσε
983 2235 1118 2323 χρόνον,
1140 2240 1195 2301 καί
1210 2236 1376 2319 πολύχουν

276 2341 394 2426 κομιδῇ
412 2335 447 2402 τό
474 2338 611 2422 πονηρόν
632 2341 783 2412 ἐσκέδασε
803 2336 885 2403 κατά
910 2342 966 2422 τῆς
987 2341 1154 2424 ἐκκλησίας
1173 2339 1322 2421 Χριστοῦ
1342 2335 1375 2400 τό

275 2438 435 2523 γεώργιον.
480 2441 520 2503 ου’
549 2437 610 2522 γάρ
645 2441 818 2504 πολυθεῖαν
843 2440 938 2522 μόνον
963 2442 1105 2517 ἐδίδαξεν
1126 2438 1142 2504 δ
1164 2441 1422 2521 ταλαι’πωρος,20

277 2540 357 2605 otti
381 2539 436 2604 und
460 2540 574 2603 α’θεῖαν
594 2543 827 2620 προστέθεικεν,
850 2538 1057 2624 άρειοινισμόν
1077 2545 1111 2603 θ’
1129 2536 1198 2622 ἅμα
1218 2537 1273 2604 καί
1292 2541 1376 2603 εἰκο-

276 2645 434 2724 νομαχίαν
455 2643 511 2705 καί
528 2640 678 2716 καθάπαξ
698 2631 828 2724 άρνησιν
850 2644 1028 2725 οἰκονομίας
1049 2638 1205 2728 ε’νσόρκου
1227 2644 1285 2706 τοῦ
1303 2637 1376 2704 υἱοῦ

275 2741 445 2825 κατ’-λόγου
463 2743 521 2807 τοῦ
540 2744 627 2807 θεοῦ.
673 2745 728 2807 κατ’
747 2746 778 2807 τί
799 2743 853 2807 δεῖ
868 2745 943 2808 καθ’
972 2745 1091 2809 ἕκαστα
1115 2744 1227 2827 λέγειν,
1247 2739 1319 2821 ε’ξόν
1341 2742 1375 2806 ἐκ

276 3050 408 3117 pessimae
426 3057 498 3102 artes
518 3049 688 3116 praevalent,
708 3049 821 3100 virtutes
841 3061 907 3099 vcro
933 3047 1088 3100 necessario
1109 3047 1264 3100 inferiorem
1282 3054 1376 3100 tenent

278 3121 384 3185 locum3
405 3121 443 3172 ibi
464 3121 554 3172 existit
572 3119 687 3171 omnium
706 3118 836 3169 bonorum
856 3119 982 3182 vastitas;
1002 3117 1038 3170 ibi
1064 3119 1179 3186 denique
1198 3117 1321 3171 diabolos
1347 3120 1374 3170 in

229 3223 231 3228 s
277 3192 361 3259 ipsam
380 3190 541 3259 religionem
560 3189 790 3257 impudentissime
809 3188 928 3255 insultat,
948 3197 1062 3258 quamut
1080 3189 1214 3258 denegent
1233 3197 1260 3240 et
1278 3189 1375 3242 tollant

276 3276 342 3315 suos
360 3260 478 3315 asseclas
500 3262 599 3314 acriter
622 3261 741 3330 instigat.
778 3259 834 3312 tale
852 3261 914 3328 quid
934 3261 1012 3313 etiam
1030 3260 1220 3328 Byzantiorum
1239 3263 1279 3312 rei
1304 3261 1374 3328 pub.

276 3333 348 3385 licae
367 3332 473 3384 accidit.
512 3333 573 3384 odio
593 3333 662 3384 enim
681 3334 709 3384 in
728 3333 869 3385 veritatem
890 3341 916 3384 et
939 3333 1044 3399 imperii
1068 3333 1194 3384 iustitiam
1222 3341 1374 3399 concepto,

277 3403 408 3456 iniustitia
427 3418 493 3458 vero
513 3411 540 3455 et
558 3404 702 3456 mendaciis
723 3404 830 3457 adscitis
848 3405 919 3455 omni
939 3404 1035 3456 virium
1055 3405 1227 3455 contentione
1245 3405 1375 3470 impietati

277 3475 350 3528 fores
369 3475 490 3527 reclusit.
528 3491 581 3544 qua
599 3477 626 3527 in
644 3484 764 3544 reqnum
783 3474 890 3528 diabolo
910 3488 1023 3541 corpore
1035 3476 1146 3542 quodam
1167 3477 1375 3527 etiustrumento

277 3546 328 3600 sibi
345 3545 425 3612 plane
445 3547 625 3599 conveniente
645 3562 711 3613 opus
732 3555 825 3610 esset,
844 3548 947 3613 reperit
965 3561 1036 3597 nunc
1054 3544 1205 3611 Paiamam‚
1225 3546 1376 3597 homuncu-

276 3617 353 3683 lum,
372 3625 401 3668 ut
420 3619 509 3671 audivi
529 3619 634 3687 quidem
656 3620 820 3689 (accuratius
841 3625 928 3669 autern
946 3633 978 3668 ex
996 3617 1097 3684 scripto
1116 3618 1200 3684 ipsius
1221 3634 1280 3669 eum
1306 3631 1376 3685 cog.

262 3690 369 3760 novi),
387 3689 545 3741 vilissimum
563 3705 652 3758 neque
670 3691 812 3758 quidquam
830 3689 944 3755 amplius
953 3689 1081 3740 scientem
1101 3690 1153 3740 nisi
1172 3689 1304 3756 quomodo
1326 3683 1383 3740 va.⁸

276 3775 337 3812 nam
358 3759 472 3828 gloriam
491 3768 610 3829 captaret
631 3768 657 3812 et
676 3761 709 3812 ob
727 3761 752 3814 id
771 3763 857 3829 ipsum
876 3774 972 3828 pravas
995 3760 1137 3827 opiniones
1162 3759 1285 3828 fingeret.
1333 3759 1377 3810 cui

278 3845 359 3900 quum
377 3833 466 3884 socios
483 3834 649 3884 adiunxisset
665 3833 811 3899 principes,
832 3832 963 3899 dogmata,
983 3837 1012 3881 ut
1032 3831 1124 3897 paucio
1145 3830 1376 3898 comprehendam,

279 3901 392 3970 profana
410 3912 490 3973 atque
510 3902 667 3969 adulterato,
688 3918 863 3972 quaecunque
881 3902 942 3954 niiis
962 3901 1015 3954 alia
1034 3902 1197 3969 temporibus
1217 3903 1308 3954 iudei
1329 3917 1377 3952 ec.

278 3973 376 4026 clasiae
397 3977 550 4042 perniciose
570 3974 757 4042 obrepserant,
778 3974 861 4025 hocce
882 3983 1004 4040 tempore
1021 3981 1116 4025 cuncta
1136 3975 1226 4043 coegit
1252 3981 1279 4024 et
1296 3972 1377 4027 chri.

277 4047 311 4098 sti
331 4044 464 4098 eeclesiae
483 4047 641 4098 uberrimam
664 4054 690 4096 et
707 4046 805 4113 oppido
824 4047 923 4097 variam
944 4045 1121 4111 improbitatis
1142 4047 1247 4114 frugem
1266 4046 1378 4112 adsper-

278 4117 322 4170 sit.
344 4131 403 4169 nam
421 4119 501 4171 misor
516 4120 567 4170 iste
588 4133 642 4169 non
661 4117 746 4169 solum
765 4116 970 4184 polytheismum
990 4117 1091 4179 docuit,
1111 4117 1158 4168 sed
1177 4119 1255 4168 etiam
1273 4115 1379 4166 atheis-

277 4203 348 4239 mum
367 4189 465 4242 addidit
484 4189 617 4258 simulque
634 4189 812 4242 Arianismum
832 4196 859 4239 et
879 4187 1099 4252 iconomachiam,
1121 4188 1307 4240 infitiationem
1327 4187 1377 4238 de.

277 4259 361 4338 nique
380 4261 571 4319 iucarnationis
590 4260 640 4314 atii
660 4261 792 4330 verbique
812 4260 866 4312 dei.
903 4259 950 4313 red
969 4259 1031 4329 quid
1050 4260 1146 4311 attinet
1163 4257 1378 4334 singulaperae.
