2926 4906
188 341 413 410 nrsromln
434 341 694 412 smannuln
710 347 847 450 xsxsu.
869 331 1056 418 itt-st.
1115 335 1190 434 tao

87 515 269 600 ἐμφάνειαν
293 514 505 600 ἀνθρωπικῶς
523 507 719 582 οάσιωθέντα
741 519 1011 605 προεληλυθέναι·
1056 521 1191 610 κράφιος

89 616 126 682 δέ
147 617 219 681 ἐστι
241 617 298 682 καί
317 615 398 699 μετά
418 615 475 700 τὴν
488 614 653 703 έιιφανσιν,
675 613 696 702 ἢ
718 620 770 683 ἵνα
791 619 826 684 τὸ
840 621 1001 709 θειότερον
1024 621 1112 702 εἴπω,
1135 626 1191 690 καὶ

85 721 119 782 ἕν
139 721 183 804 τῇ
207 717 374 804 ἐκφάνσιι·
426 719 481 782 καὶ
516 720 607 782 τοῦτο
638 718 699 806 γάρ
720 722 777 785 τοῦ
795 717 901 806 Ἰησοῦ
929 722 1112 810 κέκρυπται,
1135 723 1191 788 καί

85 818 197 883 αδδενί
219 819 300 905 λόγῳ
325 815 396 884 οὔτε
417 821 463 908 νῷ
484 818 519 883 τά
542 827 609 885 κατ’
634 819 730 900 σάτδν
751 823 878 906 ἐξῆπται
897 827 1083 910 μυστήριον,
1107 823 1190 888 άλλά

54 920 141 984 5καί
163 919 333 1004 λεγόμενον
365 917 502 1006 άρρητον
528 921 617 1004 μένει
648 923 703 986 καὶ
733 925 901 1004 νοούμενον
923 921 1092 1009 άγνωστον.
1133 915 1190 990 iai

78 1025 149 1101 μετ’
175 1017 269 1104 ὀλίγα
296 1017 372 1084 “troi
392 1020 472 1105 γάρ,
495 1019 547 1084 ἵνα
564 1023 745 1098 συνελόντες
774 1020 932 1104 εἴπωμεν,
957 1023 1031 1088 οὐδὲ
1055 1019 1186 1110 ἄνθρω-

79 1143 141 1194 πος
162 1114 225 1203 η’ν,
258 1117 316 1199 οὐχ
340 1117 382 1194 cic
402 1118 448 1202 μή
472 1115 660 1204 ἅνθρωπος,
692 1121 769 1185 ἀλλ’Ι
793 1119 836 1197 ὥς
864 1125 898 1200 ἔξ
927 1120 1107 1207 ἀνθρώπων
1130 1125 1186 1188 άν-

80 1219 229 1305 θριάπων
272 1217 417 1284 ἐπέκεινα
447 1221 503 1286 καί
531 1217 611 1304 ὑπὲρ
648 1218 818 1308 ἄνθρωπον
850 1218 1021 1308 άνθρωπος
1058 1223 1187 1308 ἀληθοῦς

77 1319 230 1404 γεγονώς,
262 1321 318 1385 καί
349 1320 384 1384 τά
415 1319 526 1385 λοιπὸν
562 1321 599 1385 σά
629 1321 711 1386 κατά
731 1321 808 1387 θεὸν
833 1321 874 1386 τά
894 1325 969 1386 θεῖα
993 1323 1125 1408 δράσας,
1149 1323 1185 1388 σά

44 1420 164 1486 stratui
189 1417 362 1506 ἄνθρωπον
382 1417 423 1484 τὰ
446 1421 642 1507 ἀνθρώπινα,
673 1422 740 1486 ἀλλ’
766 1411 984 1508 ἀνδρωθέντος
1007 1423 1090 1493 ’θεοῦ
1112 1449 1184 1487 και-

77 1521 135 1606 νήν
164 1546 238 1585 τινα
280 1520 335 1605 τὴν
368 1521 560 1607 θεανδρικὴν
588 1523 747 1608 ἐνέργειαν
778 1521 855 1607 ἡμῖν
895 1521 1186 1606 πεπολιτευμένος.”
1279 1541 1282 1546 ’

79 1624 134 1686 καί
169 1623 269 1685 πάλιν
295 1620 349 1686 “iv
379 1622 478 1709 τούτῳ
510 1623 630 1708 γίνεται
652 1626 714 1698 πᾶς
746 1621 863 1688 ‹iocis›
890 1627 1008 1708 γνῶναι
1028 1624 1084 1690 καί
1105 1626 1185 1690 ἰδεῖν
1197 1637 1254 1693 te

81 1722 286 1804 α’ξιοάμενος,
317 1722 404 1810 αὐτῷ
437 1726 483 1808 τῷ
510 1721 555 1807 μη
589 1721 670 1809 δράν
689 1726 772 1809 μηδὲ
804 1723 969 1809 γινώσκειν
992 1723 1121 1809 άληθῶς
1151 1727 1184 1790 ἐν
1240 1779 1248 1796 „

76 1827 122 1909 τῷ
146 1820 236 1908 riuis!
254 1822 370 1908 δρασιν
391 1825 447 1887 καί
467 1828 584 1908 γνῶσιν
604 1825 794 1908 γινόμενος.”
849 1823 1021 1911 δράτετὴν
1044 1850 1183 1912 συμφω-
1263 1888 1269 1899 ,

39 1924 150 1989 15νιάν
170 1927 236 1988 τῶν
260 1926 462 1989 διδασκάλων
482 1927 538 2008 τῆς
559 1925 739 2008 εὐσεβειάς,·
762 1923 801 2010 ἣν
822 1925 884 2012 γάρ
906 1930 1042 2002 Παῦλος
1064 1925 1183 2012 ἔφησεν

77 2022 197 2108 ὅρασιν
226 2025 260 2088 έν
295 2025 456 2109 αἰνίγματι
484 2029 539 2090 νῦν
567 2028 607 2088 δι’
642 2027 816 2112 ἐσόπτρου,
844 2028 878 2090 ἐν
908 2026 943 2089 δὲ
970 2029 1017 2112 τῷ
1036 2025 1184 2108 μέλλοντι

79 2125 255 2209 πρόσωπον
277 2121 357 2210 πρὸς
387 2127 576 2212 πρόσωπον,
611 2125 666 2190 καί
688 2123 767 2210 ὅπερ
790 2121 886 2202 αὖθις
905 2125 1069 2209 Ἰωάννης,
1093 2121 1181 2190 οὕτω

80 2229 335 2311 πεφανερῶσθαι
348 2241 350 2244 ·
363 2225 418 2291 τδν
440 2227 549 2311 κάριον
570 2224 655 2310 ἡμῖν,
690 2223 897 2312 ὀφθήσεσθαι
914 2229 956 2294 ,δ’
980 2227 1025 2300 εἷς
1045 2224 1080 2290 τά
1101 2226 1207 2309 μέλ-λ
1219 2236 1297 2292 taut

76 2329 135 2387 λον
157 2324 370 2408 ἀποθεμένοις
390 2325 426 2391 τδ
441 2329 497 2411 τῆς
516 2323 635 2412 σαρκὸς
650 2325 804 2412 φθαρτόν,
824 2327 920 2390 ταῦθ’
937 2317 1026 2402 οὗτος
1049 2325 1179 2410 άνθρω·
1303 2325 1304 2328 ’

42 2427 181 2498 turencio
205 2425 304 2509 φησὶν
326 2425 523 2492 circuietur
544 2425 599 2489 τάν
618 2421 726 2510 κύριον
748 2427 884 2512 κράφιον
906 2419 988 2490 εἶναι
1010 2425 1065 2490 καὶ
1085 2427 1119 2490 έν
1138 2428 1180 2511 τῇ

79 2525 234 2613 έκφάνσει
255 2527 311 2591 καί
330 2525 412 2610 μετά
445 2525 501 2610 τὴν
522 2525 695 2614 ἔκφανσιν,
716 2527 772 2591 καί
791 2525 826 2590 τά
849 2533 917 2590 κατ’
941 2525 1036 2592 οὖσάν
1055 2528 1180 2611 μυστή-

73 2649 146 2711 ριον
167 2624 277 2708 μένειν
298 2627 466 2712 λεγόμενον
490 2623 628 2714 άρρητον
648 2625 704 2692 καί
723 2626 896 2710 νοοάμεναν
917 2623 1086 2713 ἄγνωστον.
1105 2643 1242 2700 και-Η
1337 2641 1340 2649 “

71 2897 251 2957 conspectum
272 2897 396 2943 ,nostrum
415 2889 570 2945 humanitus
585 2888 787 2946 substantiatum
805 2891 947 2960 prodiisse.
994 2899 1109 2946 attamen
1127 2908 1177 2945 oc.

70 2961 165 3014 cultus
188 2961 266 3016 etiam
286 2970 348 3028 post
365 2961 606 3014 manifestationem
631 2971 676 3015 aut
693 2972 723 3015 nt
749 2964 867 3016 divinius
887 2963 970 3014 dicam
992 2965 1020 3016 iu
1038 2980 1100 3030 spsa
1117 2981 1176 3015 mu.
1265 3013 1269 3021 ,

68 3032 259 3085 niiestationc.
305 3033 403 3084 etenim
437 3033 489 3084 hoc
516 3031 577 3084 lesu
598 3035 752 3100 mysterium
778 3033 911 3085 occuitum
931 3042 988 3097 est,
1008 3050 1097 3103 neque
1117 3034 1175 3085 ullo

68 3118 200 3156 sermone
226 3100 271 3154 vel
297 3103 438 3154 intellectu
464 3119 633 3170 expressum:
662 3105 725 3172 quin
757 3105 810 3170 imo
842 3105 901 3155 dum
931 3105 1068 3170 profertur
1097 3119 1175 3156 arca.

67 3191 134 3228 num
164 3180 192 3223 et
217 3173 276 3224 dum
304 3173 465 3244 intelligitur
485 3176 611 3241 ignotum
636 3175 754 3226 manet.”
799 3183 825 3226 et
851 3181 911 3241 post
937 3173 1080 3226 nonnulla:
1106 3176 1175 3234 „iam

66 3255 97 3298 ut
131 3245 280 3295 summatim
305 3245 421 3296 dicamus
445 3261 480 3297 nc
500 3246 578 3295 homo
609 3247 714 3313 quidem
743 3254 817 3309 erat,
849 3260 903 3296 nou
929 3247 998 3313 quod
1029 3259 1083 3297 uon
1103 3253 1176 3298 esset

66 3317 153 3368 homo
184 3313 319 3381 sed'quod
339 3331 372 3365 cx
391 3315 542 3366 homiuibus
570 3325 647 3368 ustus
673 3316 795 3368 homines
819 3315 900 3382 longe
928 3317 1061 3382 superarit
1080 3325 1106 3367 et
1126 3332 1175 3368 su.

65 3402 118 3454 pra
148 3385 282 3436 homiuem
307 3401 371 3436 vero
396 3386 475 3436 homo
502 3387 587 3438 luctus
609 3389 652 3438 sit.
699 3397 816 3439 ceterum
849 3388 940 3439 divina
966 3401 1020 3438 non
1046 3395 1075 3439 ut
1099 3389 1174 3451 deus,

64 3472 162 3523 neque
188 3456 301 3506 humana
330 3465 459 3524 quatenus
487 3457 564 3508 homo
590 3457 717 3526 gerebat,
749 3459 797 3510 sed
823 3465 952 3525 quatenus
976 3459 1042 3509 deus
1071 3465 1098 3509 et
1121 3459 1174 3509 ho-

64 3543 110 3579 mo
144 3540 241 3578 novam
276 3529 403 3594 quondam
438 3527 576 3579 nobiscum
609 3530 792 3580 conversando
824 3530 867 3580 (lei
903 3529 1008 3580 virilem
1034 3531 1173 3595 operatio.

63 3615 131 3650 uem
159 3595 331 3648 exhibebat.’'
375 3613 481 3650 ruistis:
511 3601 556 3658 „iu
584 3597 637 3650 hoc
661 3608 772 3666 apparet
791 3600 834 3649 cui
862 3600 938 3650 deum
958 3613 1124 3668 cognoscere
1147 3607 1174 3650 et

63 3667 228 3736 intelligere
265 3669 417 3735 contingit,
453 3670 522 3735 quod
562 3674 651 3737 nequo
689 3668 819 3736 intelligit
847 3685 936 3737 nequo
972 3671 1111 3736 cognoscit
1143 3683 1173 3721 re

64 3754 152 3803 vera,
185 3739 284 3806 quippe
313 3740 357 3807 qui
386 3753 466 3805 supra
495 3737 698 3806 intelligentiam
733 3748 759 3789 ot
795 3741 975 3806 cognitionem
1000 3740 1063 3794 sit.'’
1093 3739 1173 3791 vide.

64 3813 140 3862 tiene
168 3809 338 3860 concordiam
365 3809 556 3876 discipulorum
582 3808 714 3876 pietatis?
767 3824 844 3876 quam
873 3811 941 3862 eninr
959 3809 1057 3863 Paulus
1084 3811 1172 3860 visio.

62 3897 130 3933 nem
150 3881 299 3931 nominavit
317 3883 344 3931 in
365 3882 516 3948 aenigmate
535 3892 583 3945 per
600 3880 757 3945 speculum,
778 3882 806 3930 in
824 3880 914 3932 intuso
939 3889 1027 3932 autem
1049 3881 1081 3932 de
1101 3881 1172 3932 facie

63 3954 97 4003 αδ
116 3951 214 4002 inciem
235 3959 262 4002 et
278 3951 412 4002 loannes:
431 3951 546 4004 nondum
567 3951 645 4002 nobis
670 3952 825 4016 apparuisse
844 3950 994 4014 (lominum,
1014 3951 1106 4004 sedin
1126 3953 1171 4002 iu.

63 4032 130 4074 turo
150 4037 233 4073 carue
255 4021 430 4086 corruptibile
448 4021 587 4072 abiectos
610 4021 688 4072 nobis
708 4029 880 4088 conspectum
899 4022 967 4085 iri‚”
993 4021 1103 4074 eandem
1122 4021 1173 4072 ille

64 4095 100 4144 ad
122 4093 259 4146 huminum
277 4107 382 4142 sensum
402 4093 534 4144 occultam
555 4091 621 4142 dicit
637 4092 736 4142 domiui
767 4093 909 4144 essentiam
929 4108 989 4143 esse
1008 4094 1035 4144 in
1054 4093 1171 4144 manile.

65 4166 187 4216 statione
208 4171 235 4214 et
255 4170 315 4228 post
334 4163 575 4214 manifestationem
596 4168 623 4214 et
640 4163 795 4227 mysterium
815 4163 1016 4230 illudquamris
1036 4165 1170 4230 exprimu-

66 4243 113 4292 tur
131 4249 180 4307 per
199 4250 230 4288 se
247 4241 336 4286 ιααιειι
353 4233 489 4287 iuisutlum
506 4241 532 4285 et
548 4233 668 4302 quamvis
688 4233 822 4304 cogitetur
840 4248 894 4288 nou
919 4240 1005 4288 tantm
1020 4249 1100 4303 posse
1119 4247 1169 4286 oo.

160 4334 324 4408 Nicephorum
336 4333 455 4404 tirason*
472 4331 527 4389 Vol.
541 4332 594 4390 ut.
950 4333 985 4390 28
