2880 4910
175 395 393 470 mmmmm
420 336 677 470 aminnium
699 389 793 469 xxx.
808 385 996 474 81-84.
1070 395 1145 473 ονε

1 628 2 635 ,
72 564 179 645 λίγονιο
198 563 253 628 τδν
273 561 346 628 aits
368 568 423 629 ναί
442 563 534 649 λόγον
556 570 611 641 τοῦ
633 569 711 629 θεοῦ
736 564 894 654 διάφορον
914 571 969 652 τῆς
991 571 1146 652 πατρικῆς

71 665 165 740 ον’σίας
186 669 240 731 ναί
261 663 433 751 ὑφειμένον
448 666 533 750 θεόν,
557 665 701 749 καθάπερ
716 665 874 748 Ειίνόμιός
894 693 928 734 τε
951 661 1145 752 παίἈρειος

1 779 2 854 J
68 767 173 845 ἐκεῖνος,
196 769 250 831 καί
268 759 336 830 ὅσοι
349 764 387 832 τὰ
405 773 534 834 τοιαῦτα
549 770 646 834 πάλαι
658 768 985 855 βεβλασφημήιιεσανς
1009 774 1062 837 ἵνα
1079 770 1144 854 γίιρ

67 866 113 942 τίς
130 870 188 931 τῶν
210 865 308 932 θείων
330 867 530 934 διδασκάλων
560 865 649 952 ἤμων
668 871 701 934 ἐν
727 871 769 958 soi
791 868 923 952 παρίντι
945 872 1065 956 σιγὴσω
1088 870 1146 959 (id-
1232 919 1269 970 .·.';

48 983 127 1047 ὅστις,
146 967 202 1031 osia
223 964 354 1032 σίκοίετε
386 973 498 1045 πάντες
520 969 573 1036 σέί
595 972 651 1034 τοῦ
684 971 774 1036 θείου
796 974 936 1054 λέγοντος
960 975 1144 1056 ενάγγελιόιι

1 1155 2 1158 ¹
63 1066 159 1134 ‘niveo
185 1071 228 1132 δι’
252 1073 357 1133 odiosi
379 1069 521 1155 ἐγένετο,
544 1073 599 1136 καί
624 1076 726 1154 χωρίς
748 1071 848 1136 αὐτοῦ
875 1074 994 1155 ε’γίνετο
1016 1074 1091 1137 οιίδλ
1111 1069 1145 1138 ἓν

1 1205 2 1258 ρ
66 1163 79 1232 ί
94 1174 209 1252 γέγονεν
220 1169 239 1252 ,’
258 1173 313 1234 ιιαί
341 1174 398 1235 τοῦ
420 1174 527 1252 Δαβίδ
556 1174 661 1262 πολλῷ
692 1175 963 1255 προθεσπίσαντος
994 1172 1144 1255 πρότερον

1 1265 2 1322 l
63 1265 159 1334 ‘adasa
180 1273 213 1337 ἐι
234 1276 334 1360 σοφίρι
349 1271 520 1356 ε’ποίιγσας,’
539 1277 665 1338 καίτοῦ
679 1277 882 1351 Σολομῶντος
902 1267 999 1350 αὖθις
1016 1271 1046 1336 ‘o‘
1069 1269 1144 1348 θεὸς

1 1351 2 1372 ¹
65 1371 96 1455 τῇ
112 1375 204 1460 οοφίρ
224 1372 417 1450 ἐθεμελίωσε
433 1369 491 1457 τήν
506 1375 575 1456 γῆν,
601 1371 756 1457 ἡτοίμασε
778 1375 813 1436 δὲ
834 1371 995 1455 ον’ρανοδς
1011 1376 1045 1437 ἐν
1061 1395 1146 1458 ppo-⁴

36 1471 155 1552 λθνῄσειί
196 1473 244 1548 τίς
268 1464 324 1535 οὖν
345 1467 390 1536 ἔτι
413 1478 511 1556 χρεία
534 1469 635 1556 λα’γων
661 1474 707 1547 εἰς
731 1470 893 1550 α’πόδειξιν
917 1474 971 1555 τῆς
991 1480 1145 1556 παλαιγε-

1 1619 2 1653 ,
65 1576 124 1645 νοῦς
145 1572 247 1636 αὐτοῦ
268 1575 469 1654 κακοδοξίας,
503 1570 540 1656 ἦν
565 1567 664 1638 ιίσίλαί
697 1573 831 1656 ω’δίνιγσέ
854 1597 888 1637 τε
909 1578 963 1639 καί
985 1574 1147 1638 trauseat

1 1661 2 1664 ¹
64 1670 105 1734 αέί
121 1674 252 1759 γρίφων
276 1673 331 1737 καί
351 1678 449 1756 λέγων
471 1674 510 1737 osi
536 1677 715 1754 διαλείπει,
738 1675 794 1739 adv
818 1683 888 1750 ταῖς
910 1675 1071 1750 πλατείαις
1093 1673 1147 1738 καί

65 1761 183 1856 α’γοραϊς
199 1771 359 1839 taedam
381 1767 459 1839 ιῖατίι
483 1773 601 1860 πολλὴν
622 1775 680 1839 τοῦ
701 1773 895 1852 κωλύσοντος
918 1776 1070 1862 ε’ρρμίαν,
1092 1772 1147 1838 ιιαί

62 1873 108 1949 τίς
125 1867 220 1950 siaonia
243 1874 419 1958 διορύττων
442 1879 504 1941 των
525 1877 779 1960 ἇπλοοστίρων.”
833 1863 835 1870 ¹

34 1987 56 2038 15
141 1974 177 2040 Ὁ
197 1976 234 2039 δὲ
253 1980 418 2058 Παλαμᾶς
440 1981 502 2043 ταῖν
523 1976 686 2060 ὀνομάτων
706 1980 761 2043 καί
780 1977 930 2065 ῥημάτων
952 1980 1009 2055 τοὶς
1026 1982 1213 2054 ε’ννοίιιςῦί

63 2076 106 2138 ιιιί
124 2081 239 2150 κλίσεις
259 2077 476 2162 μεθαρμόζων
499 2080 698 2165 ἐβλασφήμει
728 2079 767 2144 τὰ
789 2083 949 2162 χείριστα.
1000 2082 1147 2164 ἐπιτιμη-
1194 2068 1197 2079 ⁴

64 2177 119 2251 θείς
141 2178 170 2240 δ’
193 2173 238 2252 οἷς
261 2177 394 2261 ἀμαθὴς
418 2177 475 2261 τήν
497 2183 560 2245 τῶν
581 2181 766 2259 συνδέσμων
790 2179 957 2265 διαστολὴν
979 2181 1145 2263 α’ντεισῆγε

61 2280 323 2360 cooperantem
346 2283 391 2344 δι’.
431 2275 597 2363 “revalescat
618 2281 699 2364 γᾰρ”
720 2283 819 2366 φησίν
840 2281 862 2366 ἦ
886 2284 944 2345 τοῦ
959 2284 1050 2346 θείου
1064 2285 1147 2346 Μα-
1244 2267 1247 2275 λ

62 2382 139 2456 ξίμον
169 2375 415 2466 ῥῆσις“ἒαατο“ν
446 2383 504 2461 μὲν
533 2377 549 2443 ὃ
579 2379 653 2454 θεὸς
685 2377 718 2444 ἐν
755 2383 808 2463 τῆς
838 2377 1000 2464 μακαρίας
1032 2379 1144 2457 οδσίοις

31 2478 165 2558 sociaco,
195 2477 233 2544 roi
266 2480 296 2543 δ’
319 2478 373 2543 ὑπ’
402 2481 504 2545 αὐτοῦ
522 2479 669 2565 γεγονότα
692 2483 726 2546 εἰι
747 2486 801 2564 τῆς
828 2488 945 2568 σοφίας
968 2483 1079 2562 ον’τοῦ,
1102 2485 1143 2544 δι’
1204 2504 1210 2530 ⁵

61 2565 91 2658 ἧς
109 2585 161 2647 καί
181 2583 215 2645 ἐν
237 2571 259 2669 ᾗ
280 2581 320 2644 τοὶ
343 2578 443 2646 πάντα
474 2585 627 2665 ἐποίησεν.
681 2582 746 2648 ἔδει
767 2576 826 2646 οὖν
847 2585 949 2654 εἰπεῖν,
966 2584 1037 2645 καθ’
1060 2581 1143 2662 ὑμᾶς

62 2671 100 2742 δτι
119 2685 171 2747 καί
194 2677 210 2744 ὅ
236 2678 308 2756 sisic
330 2680 447 2764 ὁμοίως
461 2681 607 2766 γινώσκει
634 2676 750 2748 ἑαυτὸν
774 2687 808 2750 εἰι
828 2687 882 2769 τῆς
902 2685 1063 2766 μακαρίας
1083 2683 1144 2745 ou'-

61 3015 111 3055 esse
137 3021 152 3056 a
180 3012 294 3072 paterna
318 3007 434 3058 essentia
462 3014 490 3059 et
507 3006 664 3070 submissum
684 3007 781 3071 deum,
800 3013 831 3058 ut
847 3006 993 3060 Eunomius
1016 3014 1042 3058 et
1061 3007 1143 3059 Arius

61 3072 102 3125 ille
119 3084 145 3128 et
162 3077 316 3144 quicunque
335 3076 400 3129 talia
418 3080 469 3131 iam
488 3077 553 3130 olim
572 3079 715 3130 conviciati
735 3087 811 3130 sunt:
833 3079 930 3129 etenim
950 3085 980 3130 ut
992 3077 1143 3130 divinorum

61 3156 251 3215 praeceptorum
271 3156 420 3200 nostrorum
436 3157 620 3202 nunctaceam
633 3150 713 3213 dicta,
733 3164 822 3201 nonne
841 3150 938 3201 auditis
959 3163 1050 3200 omnes
1069 3165 1146 3200 sem.-

61 3230 101 3280 per
122 3219 246 3272 divinum·
265 3221 434 3285 evangelium
458 3221 568 3274 diceres
596 3222 684 3274 omnia
704 3238 751 3287 per
777 3238 836 3275 cum
855 3221 953 3274 debant
982 3228 1009 3272 et
1029 3221 1088 3273 sine
1110 3236 1142 3272 eo

62 3285 131 3340 fiebat
147 3306 181 3342 ne
200 3306 282 3344 unum
303 3291 424 3359 quidem,
449 3292 518 3360 quod
547 3294 645 3345 lactum
666 3301 730 3358 cst3
759 3301 786 3344 et
804 3292 932 3345 Davidem
956 3291 1040 3344 multo
1065 3300 1145 3344 antea

62 3361 221 3414 vaticinatum
241 3378 320 3414 esse:
348 3364 436 3414 omnia
454 3365 481 3416 in
509 3365 640 3431 sapientia
661 3365 768 3429 iecisti;
794 3372 821 3416 et
847 3363 1017 3416 Solomonem
1037 3369 1143 3416 rursus:

62 3429 117 3482 deus
135 3435 266 3501 sapientia
285 3433 406 3485 fundavit
418 3442 525 3500 terram,
544 3437 759 3502 repraesentavit
777 3443 864 3487 autem
888 3435 981 3487 coelos
999 3436 1027 3486 in
1046 3436 1143 3504 cogni.

62 3501 135 3556 tione.
170 3505 234 3573 quid
254 3506 337 3574 igitur
353 3505 403 3556 iam
423 3520 489 3572 opus
510 3514 553 3558 est
572 3507 667 3559 verbis·
680 3509 712 3558 ad
725 3506 913 3559 ostendendam
932 3508 1066 3574 antiquam
1086 3507 1143 3558 eius

61 3570 83 3621 in
100 3574 225 3644 dogmatis
245 3577 464 3643 peruersitatem,
490 3593 568 3646 quam
593 3580 644 3630 iam
671 3578 734 3630 olim
761 3579 903 3645 parturivit
928 3586 954 3629 et
983 3579 1098 3645 peperit,
1117 3585 1145 3628 et

61 3657 106 3695 nou
124 3647 218 3700 desinit
237 3663 343 3715 semper
363 3644 482 3702 scribere
511 3657 537 3700 et
556 3651 656 3714 dicere,
674 3651 702 3702 in
722 3649 818 3717 plateis
838 3664 945 3717 quoque
964 3658 991 3701 et
1009 3649 1074 3700 ioris
1093 3649 1144 3700 do.
1207 3669 1211 3672 ·
1247 3655 1270 3681 1
1315 3667 1324 3682 ι

61 3728 114 3768 cere
132 3728 239 3786 propter
259 3734 378 3788 magnam
404 3721 461 3772 eius
487 3722 531 3789 qui
551 3720 695 3787 prohibere
722 3721 807 3788 possit
834 3737 893 3774 eum
926 3719 1098 3772 solitudinem
1117 3725 1145 3770 et

60 3798 127 3840 aures
144 3790 284 3856 perforare
302 3790 504 3858 simpliciorum.

147 3884 266 3936 Palamas
286 3893 374 3938 antem
392 3889 526 3939 nominum
549 3895 576 3938 ct
600 3888 743 3940 verboram
761 3889 884 3940 notiones
905 3894 932 3939 et
949 3886 1148 3938 declinationes

59 3961 151 4006 mutans
170 3958 286 4023 passima
304 3959 514 4011 conviciabatur.
534 3966 673 4027 postquam
695 3968 781 4011 antem
800 3973 850 4010 nos
870 3959 1032 4026 obiurgavit,
1050 3965 1080 4010 ut
1098 3959 1144 4008 in.

60 4023 142 4077 doctus
160 4030 377 4080 coniunctionum
404 4031 599 4097 oppositionem
619 4031 784 4094 introduxit,
804 4043 899 4082 vocum
919 4031 1041 4081 nimirum
1064 4030 1144 4096 “qui-

60 4093 129 4145 dem’'
157 4105 184 4149 et
207 4101 299 4152 “sed’'
337 4103 477 4170 cognoscit
496 4105 580 4167 enim,
600 4103 637 4152 ait
655 4101 740 4154 divini
760 4102 864 4154 llaximi
888 4103 1002 4165 dictum,
1033 4101 1144 4167 sequi.

60 4163 112 4216 dem
137 4169 200 4221 deus
222 4185 255 4222 ex
275 4175 390 4225 essentia
409 4188 455 4224 sua
474 4173 569 4225 beata:
590 4188 658 4241 quae
677 4181 764 4224 autem
783 4173 816 4224 ab
836 4187 868 4224 eo
888 4174 955 4224 lacta
975 4179 1044 4235 sunt,
1065 4185 1080 4220 e
1098 4185 1144 4221 sa-

61 4236 152 4300 pientia
170 4256 303 4310 suasque
323 4252 350 4295 et
368 4246 459 4313 inqua
478 4246 604 4298 universa
624 4244 697 4294 lecit.
717 4243 957 4311 oportebat'igitur
977 4258 1034 4294 eum
1054 4241 1144 4293 dicere

61 4311 196 4363 secundum
215 4325 273 4378 vos,
291 4314 374 4367 lilium
393 4329 500 4384 quoque
518 4315 641 4378 similiter
660 4329 824 4384 cognoscere
843 4329 872 4368 sc
899 4329 931 4366 cx
951 4312 1067 4365 essentia
1086 4311 1144 4362 cius
