2910 4896
305 329 379 408 284
521 289 545 456 '⁴
613 339 837 410 urournonr
871 337 1101 405 canaonas

302 501 397 574 ἄλλα,
424 502 458 568 τὸ
486 506 542 586 τῆς
575 505 749 586 παροιμίας
780 501 843 567 α’πό
879 500 984 584 κου’πης
1012 503 1067 566 έπί
1099 496 1133 564 τδ
1160 499 1248 581 βήμα
1278 497 1328 559 καί
1355 489 1384 558 ιδ

302 603 491 688 στρατήγιον
524 609 674 689 ἐξαίφνης
699 602 853 685 ἔδραμες,
885 609 965 686 λέγω
996 603 1034 684 δή
1070 600 1105 666 τὸ
1138 606 1298 681 θεολογείν
1326 595 1386 658 α’νί·

301 728 390 780 πτοις
422 727 455 768 τε
477 704 573 787 χερσί
601 703 656 767 καί
678 707 786 792 σαθρᾷ
816 707 957 791 διανοίᾳ,
987 708 1064 788 φέρε
1096 693 1154 766 arla
1179 696 1214 766 έν
1246 696 1325 784 γήρρ
1343 698 1387 759 δι-

302 805 443 890 δοὶχθητι
455 808 532 889 παρ’
555 807 644 890 ήμαῖν
665 803 723 880 τας
740 805 953 888 στοιχειώδεις
974 804 1159 880 ταυταςκαί
1178 798 1305 884 πρώτας
1325 823 1386 884 φω-

301 905 359 981 νὰς
380 911 443 971 τοῖν
465 906 672 988 γραμμάτων,
695 907 738 982 τίς
755 899 793 970 δν
812 909 1048 988 ειίμαθέστερος
1067 905 1143 978 ἴσως
1158 900 1320 987 γενόμενος
1340 903 1404 984 τής5

302 1011 395 1082 θειάς
416 1011 493 1083 τέως
517 1005 644 1072 αἴσθοιο
666 1011 803 1092 γραφῆς,
835 1009 888 1071 κατ’
907 1011 1017 1089 μηκέτι
1042 1009 1083 1069 δι’
1106 999 1206 1088 ὄχλου
1238 1005 1278 1092 cp}
1302 997 1385 1066 εδοε-

303 1112 376 1197 βείρι
405 1111 547 1191 γίγνοισ,
579 1111 775 1194 δημαγωγῶν
809 1108 829 1170 ἃ
860 1118 924 1184 τοῖς
953 1111 1035 1171 κάτω
1062 1110 1181 1188 μᾶλλον
1207 1097 1310 1188 itote
1329 1096 1384 1165 ἅνω

302 1212 415 1289 πρέπει
436 1201 568 1291 νεκροῖς.
616 1208 652 1273 τὰ
676 1207 737 1292 γδρ
759 1211 888 1273 ἐναυτία
909 1219 972 1283 τοῖς
995 1211 1147 1282 ἐναντίοις
1178 1207 1384 1290 ὁρίζεσθαίτι
1427 1207 1430 1214 ’

210 1303 212 1308 ’
302 1305 357 1370 καί
380 1311 594 1391 διορθοῦσθαι
622 1308 774 1389 νόμιμον,
794 1306 864 1374 ἐπεί
893 1309 947 1372 κατ’
967 1306 1174 1391 Χαρμίδηςό
1199 1311 1386 1385 Λαρισσαῖος

303 1406 442 1483 α’κοιῖσας
467 1414 678 1492 διηγουμένου
699 1409 783 1484 τινος
817 1412 849 1472 ἐν
870 1406 965 1473 ὕδατι
998 1411 1097 1486 ζέοντι
1121 1407 1226 1486 ζοδσας
1248 1408 1324 1470 ι’δεῖν
1342 1407 1415 1483 ὲγ-λλ

300 1512 431 1590 χέλυος,
455 1511 567 1574 οὐκοῦν
589 1515 752 1596 ένψυχρη]
774 1507 894 1584 ταύτας
918 1505 1089 1592 ἓψήσωμεν
1112 1507 1241 1593 ἔφησεν.
1286 1496 1321 1588 ἧς
1339 1494 1385 1566 οιίι

301 1612 355 1674 καί
378 1608 473 1684 αδτδς
495 1611 642 1685 ἀσύνετος
660 1610 785 1692 ἔμεινας
811 1613 1085 1693 πευτεκαιδεκέτης
1103 1611 1264 1684 παιδείας,
1284 1603 1386 1686 ταύτης

301 1706 382 1792 ιῖπὲρ
413 1709 452 1774 rel
486 1705 634 1793 ἑξήκοντα
657 1710 792 1795 γεγονώς
824 1711 983 1796 α’κροατήν
1015 1708 1151 1776 σεαυτὸν
1175 1706 1385 1773 α’πσδεικνδνιιι

300 1807 345 1891 μή
370 1812 505 1890 α’ποιξίον
527 1814 676 1896 τήμερον,
698 1816 761 1878 ταῖν
783 1813 892 1878 ἁπλῶν
915 1810 1036 1896 δηλαδή
1054 1813 1106 1876 καί
1124 1807 1304 1893 οἷρχοιιδῶν
1326 1829 1386 1890 φω-

301 1915 365 1976 νοόν
385 1913 440 1975 καί
459 1918 636 1994 στοιχείων.
688 1918 787 1980 ταῦτα
817 1916 844 1976 δ’
870 1907 910 1976 δν
930 1912 1055 1988 πάντως
1082 1908 1131 1996 εἴη
1153 1911 1192 1974 τοτ’
1210 1912 1236 1972 τ’
1262 1907 1414 1987 talparum

306 2013 361 2076 καί
379 2010 519 2098 ῥήματα.
561 2018 683 2096 πρῶτον
702 2017 762 2099 γάρ
786 2020 840 2079 δεῖ
857 2019 988 2090 θέσθαι,
1011 2016 1101 2100 φασί,
1122 2018 1155 2078 τί
1173 2003 1274 2090 ὄνομα
1296 2009 1345 2070 καί
1362 2008 1388 2068 τί
1439 2043 1440 2102 q

302 2109 402 2198 ρίήμα,
429 2111 528 2178 οἱονεί
546 2139 616 2179 τινα
640 2112 775 2196 οτιρρδν
795 2119 955 2196 θεμέλιον,
979 2111 1087 2178 ἔπειτα
1106 2117 1141 2176 τί
1153 2116 1239 2176 ἐστιν
1265 2107 1383 2192 α’πόφα-

302 2239 351 2290 σις
373 2215 429 2278 κατ’
448 2214 627 2302 κατάφασις
648 2219 703 2279 κατ’
725 2213 908 2302 α’πδφανσις
932 2215 985 2279 καί
1008 2217 1105 2297 λόγος,
1127 2215 1182 2277 καί
1207 2207 1268 2277 ὅσα
1291 2215 1323 2277 ἐκ
1340 2212 1383 2291 τής

304 2317 506 2400 α’νθρωπίνης
526 2314 645 2402 ταύτης
667 2321 837 2399 ἐπιπλοκῆς
868 2320 923 2380 κατ’
940 2320 1122 2390 ,συνθέσεως
1142 2316 1206 2379 τοῖν
1226 2337 1261 2377 τε
1284 2307 1383 2391 δυομέ·

304 2441 367 2479 των
391 2415 528 2480 καὶτῶν
550 2417 698 2503 ῥημάτων
722 2419 964 2484 ἀποτελοῦνται.
1007 2421 1095 2482 σκιαί
1114 2414 1175 2499 γὰρ
1200 2411 1301 2479 οἱονεί
1315 2412 1412 2484 pastali

306 2516 368 2580 εἰσι
388 2519 450 2582 τοῖν
472 2520 667 2601 πραγμάτων
697 2520 870 2606 αἱιφωναί,
892 2516 972 2604 πρδς
992 2517 1049 2593 τοὶς
1072 2514 1209 2600 κινήσεις
1229 2518 1293 2580 τῶν
1313 2514 1383 2598 ὕφε-

300 2612 424 2681 στιδτιον
442 2618 718 2701 σχηματιζόμεναι
746 2620 801 2684 καί
819 2620 953 2702 ὀνόμασι
978 2624 1041 2696 καί,
1059 2617 1179 2705 ῥήμασι
1201 2615 1382 2700 κεραννύμε-
1438 2655 1439 2676 ι

300 2881 327 2927 ts
348 2873 453 2926 discere
472 2871 623 2941 oportebat,
641 2888 696 2926 non
715 2873 842 2939 didicisti,
862 2881 943 2942 atquc
961 2882 1063 2941 septem
1076 2887 1160 2926 annos
1177 2879 1256 2927 natus
1273 2888 1307 2925 ne
1323 2885 1379 2941 gen-

302 2945 364 2998 tiles
384 2945 489 3013 quidem
508 2944 688 2997 contendebas
710 2946 853 2997 secundum
872 2947 1018 3013 sapientem
1032 2945 1106 2998 illurn
1120 2944 1311 2998 Atheniensem
1327 2957 1379 3010 pro-

302 3017 382 3081 fiteri,
402 3017 449 3069 sed
469 3032 502 3070 ex
521 3031 611 3080 remo,
632 3025 661 3068 ut
678 3018 767 3081 aiunt,
788 3017 815 3067 in
834 3025 988 3085 suggestum
1009 3026 1035 3069 et
1056 3017 1218 3084 praetorium
1240 3023 1344 3082 repente
1358 3020 1379 3062 tc

301 3089 451 3153 coniecisti,
471 3087 523 3140 hoc
542 3088 648 3140 scilicet
667 3089 744 3152 dico,
769 3089 840 3156 quod
859 3098 886 3140 tu
912 3089 944 3140 ad
961 3105 1005 3142 res
1023 3090 1127 3142 divinas
1154 3089 1292 3139 accessisti
1310 3084 1379 3138 illotis

300 3160 420 3213 manibus
440 3169 467 3212 ct
483 3168 573 3212 mente
590 3160 693 3224 obtusa,
713 3175 764 3228 age
786 3161 864 3211 etiarn
882 3177 967 3212 senex
983 3162 1120 3213 edocearis
1142 3176 1158 3211 a
1176 3160 1255 3211 nobis
1269 3159 1314 3210 hos
1331 3155 1378 3206 ele-

299 3233 443 3284 mentarios
470 3238 497 3282 et
515 3232 615 3297 primos
634 3247 715 3283 sonos
736 3230 888 3296 literarum,
908 3241 937 3284 ut
955 3233 1059 3285 ductim
1085 3231 1186 3295 factus,
1209 3232 1320 3283 divinare
1336 3227 1378 3278 ali-

299 3310 430 3371 quatenus
449 3301 586 3368 intelligas
600 3303 756 3369 scripturam
774 3319 863 3372 neque
883 3306 959 3357 oneri
978 3306 1015 3356 sis
1031 3305 1140 3370 pictati3
1159 3304 1218 3354 cuni
1238 3302 1336 3369 plebem
1353 3295 1378 3347 ad
1437 3323 1438 3350 1

302 3387 333 3425 ea
355 3373 496 3440 perducas,
516 3387 584 3440 quae
602 3377 686 3443 magis
706 3375 802 3426 deceat
816 3383 943 3440 mortuos,
966 3377 1011 3444 qui
1030 3375 1100 3427 inira
1118 3389 1195 3442 quarn
1217 3388 1263 3426 cos
1283 3373 1323 3442 qni
1340 3384 1378 3420 su-

299 3458 346 3512 pra
365 3450 462 3494 terram
493 3453 649 3509 versantur,
674 3446 786 3497 adversa
816 3447 886 3497 enim
911 3448 1033 3499 adversis
1060 3447 1181 3498 dividere
1207 3454 1234 3497 et
1260 3444 1378 3510 corrigere

299 3516 395 3566 iustum
416 3522 465 3579 est,
479 3516 648 3583 quamobrem
668 3518 746 3568 etiam
758 3517 911 3571 Charmides
924 3512 1095 3582 Larissensis,
1110 3533 1168 3569 curn
1188 3519 1291 3569 audiret
1308 3525 1378 3582 quen-

298 3587 356 3638 dam
376 3595 525 3638 narrantem
545 3602 574 3638 se
595 3590 622 3638 in
637 3603 704 3657 aqua
726 3597 864 3640 aestuante
889 3591 965 3641 vivas
985 3591 1086 3642 vidisse
1112 3587 1257 3656 anguillas,
1277 3587 1319 3638 bas
1334 3582 1378 3648 igi-

298 3667 351 3721 tur,
370 3658 466 3725 inquit,
486 3660 513 3708 in
537 3658 634 3727 frigida
660 3675 813 3728 coquemus.
859 3662 989 3729 utigitur
1017 3669 1044 3712 et
1062 3662 1120 3727 ipse
1149 3661 1257 3727 ignarus
1279 3653 1378 3711 mansisti

301 3729 454 3797 quindecim
473 3745 557 3782 annos
580 3740 656 3783 natos
676 3733 822 3796 doctrinae,
842 3733 878 3784 ita
898 3735 955 3783 eins
975 3741 1087 3783 aetatem
1112 3746 1239 3782 annorum
1258 3728 1378 3796 sexaginta

299 3815 424 3867 egressus
441 3809 468 3851 te
488 3803 635 3854 studiosum
654 3803 780 3854 simulare
793 3803 864 3854 nolis
883 3803 973 3867 hodie,
994 3803 1153 3870 simplicium
1170 3801 1277 3854 scilicet
1294 3809 1318 3852 et
1334 3797 1377 3865 pri-

298 3885 399 3922 morum
419 3887 544 3924 sonorum
560 3873 815 3942 elementorumque,
833 3875 899 3926 hacc
917 3883 979 3927 sunt
996 3875 1103 3926 omnino
1123 3874 1231 3925 nomina
1251 3870 1376 3924 caverna:

299 3944 410 4011 primurn
437 3945 504 3994 enim
533 3946 623 3997 dicunt
649 3946 760 3997 solidam
781 3947 909 4016 quoddam
930 3947 1125 3997 fundamentum
1151 3945 1241 3996 iacere
1261 3951 1376 4010 oportere,
1436 3993 1437 4014 2

299 4015 361 4083 quid
381 4015 416 4065 sit
434 4029 540 4081 nomen,
561 4016 623 4085 quid
642 4017 763 4069 verbum.
800 4019 906 4082 deinde,
926 4017 989 4086 quid
1007 4019 1043 4069 sit
1061 4017 1207 4067 adfirmatio
1237 4023 1263 4066 et
1287 4009 1376 4080 negatio
1436 4031 1437 4044 ι

301 4092 328 4138 et
356 4087 488 4137 sententia
515 4097 541 4140 et
568 4088 705 4140 conclusio
736 4097 762 4140 et
787 4104 962 4158 quaecunque
988 4105 1020 4140 cx
1044 4089 1094 4140 hac
1122 4087 1254 4138 hominum
1282 4085 1377 4136 coniur-

303 4157 398 4209 ctionc
414 4166 440 4209 et
454 4161 648 4228 compositione
668 4162 801 4221 nominum
822 4171 848 4214 et
863 4162 1003 4214 verborum
1023 4161 1184 4212 efficiuntur.
1204 4157 1308 4210 umbrae
1324 4151 1378 4204 euin

302 4221 493 4308 quodammodo
514 4247 601 4285 rerum
621 4241 682 4287 sunt
699 4234 760 4288 soni
779 4234 923 4290 secundum
941 4240 1029 4287 motus
1048 4231 1237 4288 subsnatoruaa
1250 4225 1344 4283 formati
1359 4225 1378 4272 ct
1408 4259 1414 4266 .
