2992 4916
287 359 360 439 uta
591 372 817 442 nicaenum
848 373 1078 441 euneoutu

285 539 342 604 τοῦ
363 562 387 624 φ
411 537 571 618 στοιχείου
595 559 676 620 προς
696 531 732 600 τό
757 529 820 621 φεῦ
839 533 1190 618 μεταστοιχειάσοιντες,
1211 527 1246 596 τό
1270 529 1304 594 ἀὲ
1323 552 1376 592 κα-

286 638 342 704 λόν
365 634 406 703 αὖ
431 633 500 714 ἑνός
521 635 690 702 ἀλλοιώσει
716 637 773 702 τοῦ
803 641 823 700 λ
854 635 1013 716 στοιχείου
1043 630 1311 718 μεταβεβληκότες
1338 629 1376 705 εἷς

286 737 321 804 τό
351 736 449 803 κακόν
471 736 526 801 tat
544 737 600 820 τῆς
628 735 674 812 εἰς
693 734 728 801 τό
751 760 770 798 κ
791 739 980 820 μεταβολῆς.
1031 734 1087 798 καί
1106 731 1186 818 πρός
1206 754 1243 816 γε
1263 728 1311 795 ἔτι
1328 727 1376 812 τὴν

288 841 367 924 περί
383 837 547 925 πρόθεσιν,
571 837 654 914 λέξιν
668 831 770 902 οάσαν
790 835 875 921 ὅλην,
898 836 1132 921 παραξέσαντες
1152 833 1208 897 καί
1229 829 1312 916 πρός
1329 826 1376 913 τὴν

287 940 369 1005 κατά
386 937 642 1023 μετενηνοχότες,
665 938 734 1004 ἀντὶ
752 940 810 1003 τοῦ
833 937 991 1024 ’περὶτοῦ
1012 935 1115 1023 φωτός
1135 932 1218 999 κατὰ
1236 936 1294 998 τοῦ
1315 939 1396 1023 φοι-5

290 1040 343 1116 τός
363 1039 629 1126 μεθηρμόσαντο,
655 1038 816 1124 ἀθόρουσι
829 1039 1014 1124 παιδαρίοις
1038 1033 1219 1124 προσόμοια
1241 1037 1376 1119 δρῶντες,

288 1141 344 1206 καί
362 1143 463 1207 ταῦτα
483 1143 547 1204 τῶν
577 1139 716 1224 ἐλέγχων
737 1141 770 1202 ἐν
799 1137 984 1224 ὀφθαλμοῖς
1015 1134 1233 1222 προκειμένων
1257 1132 1312 1198 διά
1330 1135 1377 1216 τῆς

288 1241 364 1327 ὅλης
384 1242 506 1318 ἐννοίας
529 1244 585 1306 τοῦ
606 1241 700 1325 λόγου
717 1239 773 1304 καί
792 1241 856 1304 τῶν
877 1238 1133 1323 ἐπιχειρημάτων
1147 1234 1230 1319 ῦμοῦ
1251 1236 1307 1300 καί
1329 1236 1375 1318 ε’ρ-

286 1347 427 1430 γασιεῦν,
458 1344 535 1407 καθ’
556 1339 632 1408 ὅσον
668 1341 770 1418 εἰκός,
803 1339 859 1405 καί
877 1339 1016 1423 μάλιστα
1049 1343 1111 1403 τῶν
1130 1340 1308 1425 γραφικαῦν,
1329 1333 1377 1397 καί

224 1459 275 1512 η
289 1445 385 1509 πάνθ’
407 1443 468 1509 όσα
490 1446 537 1531 τηῦ
557 1440 636 1528 λόγῳ
661 1444 811 1528 πρόσεστι
835 1441 979 1526 περὶτοῦ
998 1439 1139 1504 τοιοῦτον
1164 1438 1282 1525 φωτός.
1305 1433 1377 1500 ἀλλὰ
1386 1446 1411 1498 tu

287 1548 387 1612 ταῦτα
410 1547 573 1620 ποιοῦντες
603 1537 674 1607 οῦτε
694 1541 846 1621 βλάπτειν
876 1539 961 1625 ἡμᾶς
984 1539 1140 1618 βάνονται,
1162 1539 1218 1603 καί
1242 1535 1309 1620 ἅμα
1329 1539 1378 1619 τὴν

288 1646 448 1733 σφετέραν
468 1645 524 1710 καί
547 1643 674 1722 ἄκοντες
695 1641 739 1722 οῦς
760 1645 878 1710 ἐπίπαν
898 1639 1107 1726 ὁμολογοῦσιν
1136 1637 1307 1704 ἀσθένειαν
1323 1659 1377 1720 μο-

288 1748 418 1826 νονουχὶ
438 1749 593 1829 βοῶντες,
622 1748 677 1811 καί
697 1749 784 1833 σφῦς
805 1742 918 1821 αότοῦς
947 1741 1194 1827 ἐκπομπεόοντες
1219 1737 1263 1815 οῦς
1283 1737 1378 1813 ἀλλοις

289 1845 345 1910 οῦκ
379 1847 502 1928 ἔχοντες
529 1846 725 1931 ἀντιβλέπειν
753 1845 834 1933 πρός
854 1845 910 1931 τὴν
942 1845 1104 1929 ἀλήθειαν.
1147 1843 1203 1908 καί
1222 1843 1379 1923 πάσχουσι

288 1947 499 2034 παραπλήσια
519 1950 561 2034 τῇ
581 1951 638 2014 τοῦ
649 1931 806 2016 Αἰσώπου
825 1948 966 2033 καμήλῳ,
988 1943 1010 2030 ἣ
1033 1948 1073 2009 δι’
1095 1942 1266 2009 ἀσθένειαν
1279 1939 1412 2028 ἀμφι-15

288 2071 343 2114 τον
363 2054 506 2136 κεράτων
531 2049 734 2136 ἀμυντηρίων
755 2048 1006 2133 έπιθυμήσασα,
1028 2047 1164 2111 καὶτῶν
1185 2045 1278 2109 ἰδίων
1298 2038 1379 2107 ιῦτιον

290 2150 464 2235 ἐπέρηται
514 2153 573 2216 καί
588 2175 646 2235 μοι
676 2147 787 2216 λοιπόν
820 2148 948 2215 οἴεσθαι
978 2147 1119 2223 ἔπεισιν,
1151 2142 1194 2220 οῦς
1224 2145 1313 2230 ξίφει
1330 2165 1379 2225 την

288 2253 366 2337 ἐμὴν
390 2252 520 2339 ἀφελεῖν
541 2252 684 2340 κεφαλὴν
707 2254 764 2317 καί
781 2257 837 2337 τῆς
859 2251 1022 2337 παροόσης
1045 2245 1227 2324 ἀπαλλάξαι
1248 2246 1331 2327 ζωῆς
1351 2243 1380 2306 ἐν

286 2355 410 2437 βραχεῖ
436 2353 600 2439 ἐφιέμενοι
624 2354 683 2435 μὲν
704 2353 741 2416 οό
769 2351 937 2434 δυνάμενοι
962 2349 1015 2428 δέ,
1042 2346 1145 2431 τάμά,
1165 2344 1220 2411 τόν
1243 2344 1380 2428 (λειότερον

290 2454 398 2538 πλοῦν,
421 2450 674 2532 ῦποκλέπτοντες,
697 2455 877 2538 μαχαίραις
901 2450 1077 2529 ἀποξέουσί
1088 2472 1121 2513 τε
1142 2449 1198 2512 καί
1222 2445 1413 2510 ἀπαλλάτ-λθ

289 2575 381 2616 τουσι
404 2551 484 2640 πρός
503 2553 538 2618 τό
559 2555 655 2640 σφίσι
669 2555 873 2637 βουλόμενον,
895 2551 962 2617 ἔστι
977 2554 1006 2615 δ’
1021 2548 1139 2616 ότεκαί
1159 2551 1276 2630 βυθοῖς
1288 2543 1379 2632 ’ἀφαι

286 2654 409 2736 νισμαῑν
437 2654 688 2739 πρυτανεόοοσιν
718 2653 794 2720 ὅσον
814 2653 849 2720 τό
879 2659 947 2718 κατ’
979 2649 1099 2729 αότοός,
1136 2651 1165 2712 εἰ
1192 2648 1249 2713 καί
1273 2643 1379 2720 ἀλλοις,

286 2755 343 2837 τῆς
365 2754 458 2830 θείας
482 2753 748 2844 ἀντιπραττούσης
767 2757 884 2840 δεξιᾶς,
906 2753 1037 2839 καιρίαν
1052 2774 1087 2818 τε
1110 2750 1292 2836 ἐπλήγησαν
1308 2751 1379 2812 πολ·
1471 2813 1472 2826 η

288 3065 340 3131 λόν
358 3082 447 3128 autem
465 3074 543 3128 anina
556 3074 663 3128 litterae
680 3076 826 3129 mutatione
844 3084 976 3131 mutantes
995 3077 1023 3129 iu
1041 3067 1129 3132 κακόν
1146 3091 1196 3144 per
1214 3073 1381 3126 mutationem

288 3147 317 3198 in
335 3166 360 3200 ν.
400 3153 428 3198 et
455 3155 594 3214 praeterea
620 3154 684 3219 περὶ
714 3150 914 3216 praepositione
940 3157 995 3201 tota
1015 3149 1101 3201 eiecta
1129 3156 1156 3200 et
1181 3149 1210 3198 in
1228 3138 1300 3199 κατά
1320 3158 1381 3195 cen-

289 3233 378 3282 νετετ,
402 3232 449 3285 pro
465 3225 538 3287 ’περὶ
563 3219 615 3274 τοῦ
639 3217 735 3292 φωτός
767 3221 951 3288 reacciperuut
976 3212 1048 3274 κατά
1076 3220 1128 3274 τοῦ
1157 3217 1260 3290 φωτός.
1295 3216 1383 3278 ludunt
1470 3221 1471 3224 ’

288 3290 461 3356 puerulorum
486 3291 569 3343 instar
598 3291 744 3356 iacientes,
766 3291 848 3360 idque
876 3309 956 3360 quum
983 3299 1137 3360 argumenta
1163 3291 1216 3342 rint
1247 3289 1274 3340 iu
1302 3283 1381 3338 oculis

289 3368 401 3427 propter
421 3368 501 3413 tutam
523 3364 652 3414 aermonia
685 3363 861 3414 intentionem
893 3371 920 3415 et
937 3365 1043 3430 incepta
1061 3371 1088 3414 ct
1106 3361 1202 3424 eludia,
1221 3368 1251 3412 ut
1272 3371 1381 3410 concen-

288 3439 395 3481 taneum
414 3438 463 3482 eet.
501 3432 622 3498 inprimis
650 3441 737 3494 autem
762 3441 872 3501 propter
892 3437 1044 3501 ¹scripturae
1063 3434 1234 3496 teatlmonia‚
1257 3438 1284 3482 ct
1301 3427 1382 3481 emnia

290 3515 445 3569 quaecum
473 3517 596 3554 sermone
616 3503 649 3555 de
667 3503 715 3557 illo
738 3501 834 3576 φωτός
857 3513 918 3559 aunt
943 3507 1094 3557 coniuncta.
1140 3504 1188 3556 aed
1207 3503 1260 3554 hec
1278 3505 1382 3570 agentes
1469 3559 1470 3562 Ἴ

289 3571 368 3624 nobie
386 3571 483 3625 obesae
503 3587 556 3625 uon
576 3584 695 3642 possunt,
715 3577 847 3646 simulque
867 3578 1026 3629 coactisunt
1043 3591 1094 3628 una
1114 3590 1206 3648 umnec
1220 3589 1294 3626 auam
1312 3573 1382 3637 ipae·
1469 3609 1470 3636 3

290 3659 347 3696 rum
379 3643 589 3700 imbecillitatem
617 3649 694 3699 modo
721 3662 776 3698 uun
796 3648 920 3700 clamare.
964 3656 991 3700 et
1021 3655 1105 3700 aemct
1132 3646 1184 3713 ipsi
1204 3644 1382 3698 abiiecieutea,
1469 3645 1470 3664 ³

293 3715 369 3783 quael
389 3714 468 3770 aliter
488 3733 542 3769 nnn
562 3720 665 3784 poasiut
696 3719 801 3770 obtueri
820 3721 970 3782 veritatem,
989 3720 1079 3788 itaque
1104 3717 1193 3770 simile
1214 3716 1279 3784 quid
1295 3710 1384 3765 accidit

291 3787 394 3852 Aesopi
413 3789 524 3840 camelir
543 3790 588 3856 qui
610 3798 720 3857 prepter
744 3792 859 3843 innatam
890 3789 1100 3842 imbecillitatem
1126 3803 1226 3841 cornua
1247 3782 1384 3853 propulsa-

292 3857 361 3908 toria
386 3861 579 3927 concupiscent
609 3862 717 3913 auribus
745 3861 865 3929 privatur
888 3869 937 3913 eat.
984 3877 1015 3912 ac
1044 3860 1109 3912 mibi
1134 3858 1267 3926 reliquum
1295 3864 1337 3908 eet
1359 3856 1385 3900 ul
1468 3881 1469 3888 υ

292 3923 398 3979 credam
416 3928 505 4004 gladio
525 3946 572 3984 ena
592 3940 774 4004 caputureum¹
788 3934 914 3985 decutere
933 3948 1029 4000 meque
1048 3939 1190 4000 praesente
1209 3931 1265 3982 rita
1284 3928 1385 3994 privare

290 3997 382 4062 vellet
404 4001 474 4067 prod
493 4017 571 4070 quum
591 4017 645 4054 uon
666 4004 778 4068 pcaaiut,
797 4019 870 4057 meaa
884 4019 928 4056 rea
947 4006 1064 4056 aecnudo
1082 4009 1165 4055 ventu
1185 3999 1387 4053 calumniaret

292 4071 437 4122 corradunt
449 4072 567 4124 cultellis
584 4081 611 4123 et
629 4073 780 4126 distrahunt
799 4091 832 4126 cx
851 4075 977 4140 arbitria3
996 4088 1184 4142 nonnunquam
1203 4079 1291 4124 autem
1314 4068 1385 4119 etiam

290 4141 390 4192 inimo
418 4143 618 4194 disturbatiouis
637 4146 751 4212 regnant
778 4161 827 4213 pro
854 4145 927 4198 virili
950 4153 1044 4212 parte,
1073 4159 1228 4214 quamquam
1257 4143 1324 4194 aliar
1348 4135 1385 4188 del

289 4213 383 4264 dextra
403 4215 536 4266 contraria
558 4213 686 4266 moliente
708 4217 742 4268 ad
759 4225 871 4270 mortem
891 4217 937 4268 icti
957 4225 1019 4270 aunt
1038 4231 1119 4284 caepe
1141 4221 1168 4267 et
1184 4213 1271 4268 adhuc
1287 4222 1387 4277 temper

287 4282 405 4340 ieiuntur
429 4293 457 4339 et
485 4286 661 4342 ostenduntur
686 4293 810 4360 tauquam
837 4288 894 4360 lupi
916 4289 1015 4343 trustra
1039 4288 1164 4354 hiantes,
1181 4286 1253 4360 quod
1270 4279 1385 4339 aientia
