2926 4906
152 410 370 479 meronmn
392 405 652 474 emmrrusn
668 409 804 516 κεπτ.
823 387 873 475 it
887 388 1011 485 -tle
1069 351 1142 473 tis

65 574 192 658 αφανοῦς
213 576 268 656 τῆς
286 575 410 658 ψυχῆς.
430 569 604 658 ὀφθαλμοῦ
629 563 693 635 τάν
716 575 782 645 τοῖς
807 571 994 656 γράμμασιν
1014 571 1144 646 ἐκείνοις

65 670 236 753 ἐγκειμένων
265 671 440 756 νοημάτων.
472 671 528 734 καί
562 668 616 734 τόν
646 673 678 747 ἐξ
703 667 841 756 οὐρανοῦ
870 671 907 736 δὲ
933 671 988 736 καὶ
1014 673 1072 755 γῆς
1090 669 1145 734 καὶ

62 774 113 834 νῦν
133 772 269 859 ἐνμέσῳ
304 773 429 837 πάντων
462 771 665 855 συγκείμενον
685 770 803 854 κόσμον
834 769 954 854 ὁμοίως
975 772 1007 849 ἐξ
1031 774 1145 846 αἰῶνος
1204 799 1208 810 ·

62 865 183 953 όρῦντες
210 871 508 954 καταλαμβάνουσιν
536 867 703 956 ἅνθρωποι
733 875 800 948 πῶς
821 873 880 955 μὲν
911 871 1053 936 καθόλου
1077 873 1145 947 πῶς

43 971 91 1033 tlt
109 969 185 1034 κατά
202 971 310 1058 μέρος,
330 971 412 1035 κατά
431 970 488 1055 τὴν
509 973 643 1037 ἐνοῦσαν
664 965 784 1058 ἑκάστῳ
806 972 902 1058 φῦσιν
922 973 978 1038 καὶ
1000 970 1145 1054 δῦναμιν.

62 1069 110 1132 erin
126 1073 186 1136 τῶν
210 1074 299 1137 δυοῖν
317 1073 435 1148 τούτων
451 1073 532 1136 πᾶσι
557 1073 682 1138 πάντων
702 1070 723 1156 ἦ
743 1075 859 1167 γνῶσις
871 1074 1067 1149 συνίσταται,
1089 1074 1209 1155 crim

11 1191 12 1196 ’
60 1177 144 1238 τιδι’
167 1170 275 1256 όψεας
295 1177 484 1260 αἰσδητικῆς
504 1176 713 1260 καταλήψεως
735 1175 791 1240 καέ
810 1179 866 1258 τῆς
893 1173 974 1240 κατόὶ
996 1173 1050 1238 τόν
1070 1175 1144 1238 νοῦν

11 1267 12 1274 ¹
62 1275 214 1360 ἐνεργείας,-
234 1275 368 1362 άφανιῦς
388 1278 448 1359 μὲν
468 1277 550 1340 κατὰ
574 1277 681 1363 φάσιν.
699 1275 795 1360 αὐτῆς
817 1277 1014 1359 κινουμένης,
1037 1275 1144 1359 ἐμφα-

61 1365 209 1461 νιζομένης
233 1379 262 1440 δ’
286 1372 342 1442 οὖν
364 1377 419 1442 διά
439 1377 634 1463 γραμμάτων
666 1371 762 1452 αὖθις
782 1378 837 1442 καὶ
856 1378 981 1450 λαλιᾶς.
1003 1373 1071 1460 ἥτις
1090 1373 1146 1438 καί

36 1472 127 1559 Ῑδαῦτῆ
151 1481 211 1560 μίοι
249 1473 332 1544 crica
360 1475 440 1563 πρός
461 1476 581 1553 πολλάς
605 1479 771 1562 μερίζεται
801 1477 914 1552 άκοάς,
945 1478 1059 1559 διπλῆν
1089 1473 1145 1566 τῂν
1237 1543 1242 1551 ,

11 1571 12 1574 “
62 1574 203 1660 ἐνέργειαν
237 1581 366 1664 δρῶσα·
416 1585 486 1658 τοῖς
512 1580 572 1660 μὲν
598 1577 659 1663 γάρ
694 1577 803 1652 άκοαϊς
834 1582 1030 1660 σωματικαῖς
1062 1577 1145 1658 τισίν

64 1669 157 1752 οὔσαις
174 1675 230 1744 τόν
252 1679 434 1762 σωματικόν
459 1682 499 1743 δι’
526 1678 620 1764 άέρος
641 1677 802 1763 ἐνάρθρου
834 1678 966 1742 δίδωσιν
987 1671 1076 1760 ἦχον,
1097 1677 1145 1762 τῷ
1197 1763 1199 1772 J

63 1773 145 1859 δὲμὴ
177 1778 360 1864 φαινομένῳ
379 1781 436 1862 τῆς
464 1781 575 1863 ψυχῆς
595 1779 698 1864 νοερῷ
725 1775 780 1842 τόν
804 1774 1040 1864 ἐμφαινόμενον
1062 1773 1145 1860 αὐτῇ

61 1875 104 1938 καὶ
121 1879 386 1964 ἐνσημαινόμενον
407 1879 617 1966 παραπέμπει
635 1881 720 1944 νοῦν.
762 1877 818 1942 καί
838 1875 936 1952 οῦκως
957 1873 977 1959 ἦ
1000 1877 1062 1940 τῶν
1084 1892 1212 1945 erc-u

33 1977 246 2068 Ιῧλπικῦνκαέ
271 1981 476 2070 οἰκονομικῶν
498 1980 694 2064 πραγμάτων
712 1979 768 2044 καὶ
794 1980 857 2044 τάν
879 1980 913 2042 ἒν
935 1978 995 2062 βίῳ
1018 1976 1145 2040 πάντων

11 2101 12 2108 “
63 2078 221 2166 κατάληψις
243 2078 309 2146 ὅσοι
328 2082 449 2166 γένεσις
471 2077 541 2166 άγει
561 2081 617 2145 καὶ
633 2080 754 2166 φθορά,
776 2082 816 2143 δι’
832 2075 1013 2162 αἰσθήσεώς
1032 2099 1067 2140 τε
1088 2077 1144 2142 καὶ

11 2179 12 2186 ’
65 2179 124 2254 νοῦ,
144 2183 199 2264 τῆς
237 2181 300 2264 μὲν
320 2183 512 2269 φαινομένης
532 2182 589 2245 τοῦ
612 2181 647 2244 δὲ
669 2179 910 2265 κρυπτομένου,
937 2175 992 2242 τόν
1015 2174 1145 2263 ἐφικτόν

64 2271 124 2356 ἦμέν
151 2282 349 2366 περιγίνεται
374 2281 501 2366 τρόπον.
555 2277 611 2344 διά
640 2277 678 2362 δὴ
706 2280 807 2345 ταῦτα
834 2278 889 2343 καί
918 2274 937 2342 o‘
958 2276 1034 2351 θεὸς
1054 2275 1146 2360 λόγος

62 2374 126 2462 σάρξ
146 2380 285 2464 ἐγένετο,
305 2380 417 2462 μείνας
439 2377 519 2466 άπερ
539 2375 598 2464 ἦν,
622 2378 732 2464 νοητὸς
751 2379 807 2444 καὶ
828 2375 908 2464 ῦπὲρ
929 2378 1019 2453 νοῦν,
1041 2399 1143 2460 προσ,

33 2477 151 2558 κολοβόν
173 2484 202 2544 δ’
226 2478 308 2565 ὅπερ
322 2479 377 2543 οῦκ
399 2475 438 2564 ἦν
451 2481 507 2545 καὶ
518 2479 683 2564 γενόμενος
699 2480 830 2554 διπλοῦς
846 2476 902 2562 τὴν
924 2476 1020 2563 φῦσιν
1040 2473 1143 2560 άπόρ-
1160 2472 1167 2486 ‘

61 2600 139 2660 ρητον
158 2582 288 2667 τρόπον,
313 2580 366 2644 ἵνα
388 2579 443 2644 διά
460 2583 523 2644 νῦν
541 2582 582 2667 τῇ
615 2579 765 2664 αἰσθήσει
788 2579 989 2676 φαρνομένιον
1010 2576 1143 2660 θαῦμά·

58 2679 173 2765 τακτὴν
193 2681 240 2767 μὴ
276 2681 470 2767 φαινομένην
500 2688 710 2766 παραγυμνοῖ
735 2681 792 2754 καὶ
811 2678 1035 2766 παραδεικνύῃ
1066 2677 1143 2741 θεό-

57 2800 129 2861 τητα,
144 2776 205 2850 ’καὶ
226 2779 327 2858 οὕτως
351 2779 413 2846 άπὸ
428 2785 490 2846 τῶν
500 2787 567 2846 κατ’
585 2778 738 2866 αἴσθησιν
754 2779 955 2868 φαινομένων
969 2779 1027 2848 καί·
1039 2799 1142 2863 προο-

57 3100 122 3152 qnsm
143 3091 270 3158 quonism
287 3088 367 3142 borno
389 3105 424 3142 ex
442 3089 528 3145 enlnre
549 3095 576 3142 et
595 3103 709 3156 corpore
736 3089 841 3140 consul
859 3094 886 3142 et
906 3103 955 3154 per
973 3086 1141 3154 corporalem

57 3163 78 3206 et
93 3161 396 3215 sensualemrisionem
415 3162 501 3228 perite
521 3161 636 3228 percipit
655 3160 775 3226 corporis
794 3161 908 3224 iormss,
931 3174 979 3227 per
997 3158 1141 3212 mentalem

57 3234 78 3276 et
93 3229 258 3292 invisibilem
276 3233 380 3284 enimse
398 3232 504 3285 oculum
524 3230 670 3284 sententiis
690 3246 758 3299 qnae
776 3230 875 3283 litteris
894 3228 951 3282 illis
969 3231 1068 3282 insunt.
1109 3245 1141 3282 ec

55 3303 166 3352 mundum
185 3303 274 3366 illum,
294 3303 338 3371 qul
363 3319 377 3354 e
397 3302 476 3355 coelo
503 3310 530 3356 et
548 3310 618 3355 terre
640 3309 667 3354 et
686 3317 862 3370 quaecunque
888 3302 975 3353 medis
994 3309 1055 3354 suut
1073 3315 1142 3354 con.

56 3375 106 3434 stet,
124 3374 249 3425 similiter
267 3373 300 3426 sb
331 3374 408 3424 initio
428 3374 550 3428 homines
577 3373 655 3426 modo
675 3374 782 3426 omniuo
807 3371 936 3425 modoad
961 3381 1063 3440 purtem
1082 3374 1144 3426 risu

56 3443 199 3509 concipiunt
218 3444 363 3497 secundum
391 3446 444 3497 vim
473 3453 500 3498 et
521 3454 641 3498 naturum
668 3460 736 3513 quse
754 3446 797 3497 rei
821 3444 1073 3513 unicuique¹inest
1112 3459 1145 3496 ex
1174 3453 1181 3470 ·

55 3507 88 3562 hle
107 3514 208 3568 dnobus
227 3517 343 3568 omnium
373 3517 481 3568 omnino
501 3524 605 3569 constat
623 3518 758 3586 cognitio,
784 3516 892 3570 scilicet
910 3515 1027 3572 sensuali
1046 3529 1145 3583 perce.

55 3581 136 3643 ptione
153 3600 202 3652 per
220 3585 315 3638 oculos
335 3594 362 3637 et
380 3588 408 3640 vi
427 3589 533 3651 ruentis,
552 3603 621 3655 quse
638 3579 882 3653 invisibiliter‘per
899 3596 1019 3641 naturum
1039 3587 1145 3640 excite.

54 3655 97 3702 tur.
134 3665 247 3723 eppnret
265 3665 354 3708 eutem
378 3673 427 3724 per
451 3657 555 3712 litteras
574 3666 601 3710 et
618 3673 777 3726 sermonem.
800 3697 803 3702 .
824 3657 891 3710 baec
903 3660 1030 3726 -qnumvis
1049 3674 1099 3712 usu
1117 3659 1146 3712 in

53 3722 140 3776 nultus
159 3728 326 3782 distribuitur
344 3729 550 3794 perceptiones,
570 3728 668 3796 quippe
694 3743 763 3796 quae
781 3727 916 3795 duplicem
935 3731 988 3780 vim
1010 3736 1145 3792 exercent,

53 3798 263 3862 perceptionibus
284 3800 354 3850 enim
373 3798 557 3866 corporalibus
576 3798 744 3866 corporalem
769 3813 817 3864 per
840 3803 930 3852 utrem
947 3815 1042 3852 sonum
1063 3815 1146 3867 prus.

52 3859 107 3928 bet,
124 3869 207 3919 ruenti
227 3884 292 3920 vero
312 3885 370 3922 eum
397 3885 465 3938 quue
490 3885 545 3923 non
569 3877 681 3936 apparet
699 3869 857 3921 sententiam
876 3885 944 3936 quae
965 3869 1031 3922 huic'
1044 3879 1146 3924 tentum

53 3944 155 4000 apparet
178 3947 205 3990 et
222 3941 390 4005 ostenditur,
409 3943 498 3992 mittit.
525 3942 616 4009 itaque
635 3955 722 3992 rerum
741 3939 914 4006 publicarunt·
937 3947 965 3992 et
981 3942 1145 3994 domesticu.
1181 3984 1183 3990 .

51 4015 101 4054 mm
121 4015 147 4058 et
165 4011 282 4062 omnium
302 4012 418 4078 quaein
442 4013 498 4065 vite
518 4020 663 4064 nuscuntur
682 4018 709 4062 et
729 4018 902 4075 evanescunt,
922 4012 1042 4080 cognitio
1061 4027 1144 4066 sensu

52 4085 87 4155 oo·
96 4085 184 4132 mente
204 4095 257 4132 uno
277 4082 415 4147 sensuali,
442 4082 527 4135 alters
558 4079 689 4134 invisibili
708 4081 794 4148 quoad
821 4080 976 4154 intelligere
994 4095 1145 4151 possumus,

52 4153 138 4198 tutor.
176 4161 339 4218 quopropter
371 4154 435 4206 deus
462 4168 524 4206 curo
542 4153 637 4206 lectus.
673 4153 770 4204 mansit
798 4153 903 4220 quidem
923 4156 969 4222 qui
988 4163 1045 4208 eret
1062 4153 1145 4220 spiri-

52 4213 126 4269 tualis
147 4228 175 4271 et
193 4230 299 4288 praeter
318 4232 434 4276 montem
451 4226 479 4278 id
507 4226 578 4293 quod
601 4238 656 4275 non
676 4222 807 4276 hebueret
831 4225 936 4292 recepit
955 4233 982 4278 et
1000 4227 1086 4278 iectus
1105 4227 1146 4276 cst

53 4281 146 4354 duplex
166 4299 260 4347 nature
277 4293 431 4350 incredibili
448 4296 548 4362 modo,
567 4303 596 4352 ut
612 4310 660 4364 per
678 4294 807 4349 miraculi
831 4310 900 4364 quse
918 4298 1011 4352 sensui
1028 4308 1145 4365 sppsre·
