2992 4918
233 319 456 441 nrsromts
483 369 740 444 sumamma
756 377 868 443 xxvi.
890 359 1021 444 5-7.
1144 369 1192 442 ιε

108 541 218 622 πέρατα
239 541 302 604 τῶν
333 539 462 621 ψευδῶν
492 540 526 616 ἐξ
555 535 682 623 ὀνείρων
711 539 919 624 προρρήσεων
947 541 992 617 εἷς
1014 542 1196 606 τοδναντίον

108 639 225 722 δρῶντες
249 633 366 717 ι’άνια,
400 636 436 704 τά
459 642 523 703 τῶν
544 642 673 723 άνείρων
695 631 739 705 αά
761 643 928 706 αἰτιῶνται
956 638 1197 726 ἀμφισβητήσι-

107 764 166 822 μον.
222 741 323 824 ήδέως
345 743 376 804 δ’
411 734 451 804 άν
476 736 566 824 ἔγωγ’
594 737 724 825 ἐροίμην
751 741 885 823 αδτοάς,
909 745 976 818 πῶς
1001 750 1068 817 τοῖς
1091 741 1197 806 αδτῶν

109 839 199 927 ἔργοις
227 844 431 908 ἐναντιοῦται
453 839 543 926 θεάς,
573 841 628 907 κατ’
654 840 712 918 τάς
741 845 804 907 τῶν
834 843 1041 927 προρρήσεων
1073 845 1198 908 ἐκείνων
1248 915 1252 922 ,

88 945 223 1018 θὲλπίδας
245 937 301 1006 det
325 947 457 1029 στρέφει
478 942 559 1027 πρὸς
573 944 735 1023 τάναντιά,
748 943 803 1008 καί
818 941 954 1024 μάλισθ’
974 938 1027 1009 ὅτε
1047 947 1086 1032 τῇ
1106 946 1197 1029 σφῶν

109 1045 263 1132 δυσσεβείρ
286 1048 366 1108 καθ’
382 1043 473 1126 ήμῶν
494 1042 528 1108 τά
552 1040 664 1127 κράτος
687 1044 703 1128 ή
727 1047 876 1126 βασιλεία
908 1048 1041 1130 παρέχει
1062 1041 1197 1128 repend-

107 1167 205 1228 τερον·
256 1147 327 1212 τότε
361 1140 423 1228 γάρ
448 1149 504 1210 καί
536 1145 647 1231 ζημίαι
671 1147 908 1229 προσγίνονεαε,
939 1149 1108 1227 βασιλεῦσι
1138 1149 1199 1228 μὲν

108 1245 171 1326 nepa*
189 1244 226 1310 τά
251 1251 407 1332 φίλτατα,
425 1244 598 1327 Ῥωμαίοις
622 1247 656 1310 δὲ
669 1251 756 1335 κοινῇ
778 1250 852 1329 περί
869 1244 928 1322 τάς
949 1244 1056 1322 πόλεις
1081 1245 1136 1311 καί
1157 1247 1195 1312 τά

108 1342 234 1428 δημόσιά
266 1370 302 1412 τε
332 1346 387 1411 καί
420 1351 495 1411 καθ’
517 1344 634 1412 ἕκαστα
657 1345 846 1430 πράγματα,
879 1352 934 1413 καί
954 1352 1113 1431 ναυαγίων
1133 1341 1199 1412 οἷον

75 1446 290 1524 έθέμπίπλαται
327 1443 429 1512 πάντα
456 1446 512 1512 καί
546 1443 699 1512 κινδύνων
732 1449 960 1513 παντοδαπῶν·
1008 1449 1106 1530 έχρήν
1137 1445 1197 1530 γάρ

106 1545 302 1629 εὐδαιμονίαν
327 1549 515 1614 ἀποδιδόναι
536 1546 628 1633 σφίσι
650 1546 845 1632 πραγμάτων
866 1552 921 1614 καί
940 1546 1198 1632 πλάτοςάρχής,

106 1641 149 1710 δι’
170 1651 352 1735 ε’κδικήταῖς
372 1655 437 1715 τῶν
460 1653 602 1736 πατρίων
623 1645 708 1714 ἐθῶν
729 1653 784 1714 καί
808 1647 972 1734 δογμάτων
1002 1652 1201 1730 καθισταμέ-

107 1769 162 1823 νοις
175 1751 230 1814 καί
247 1757 422 1826 κολασταῖς
435 1754 500 1816 τῶν
514 1749 652 1832 α’νάμων,
674 1752 729 1815 καί
746 1748 791 1835 μή
809 1753 929 1831 μᾶλλον
945 1750 1032 1836 παρά
1053 1753 1226 1817 τασοδτον’

107 1837 201 1926 αὔξειν
212 1847 251 1914 τά
262 1849 365 1934 χείρω
379 1851 455 1933 παρ’
466 1846 537 1916 ὅσον
549 1843 648 1936 αὔξην
660 1852 753 1916 αυ’τοι“
766 1859 830 1927 τοῖς
840 1856 915 1916 καθ’
926 1847 1015 1936 ήμῶν
1026 1854 1202 1936 παρέχουσι

75 1949 257 2032 ίέδιωγμοῑς.
304 1951 394 2016 δυσίν
423 1949 484 2035 γάρ
505 1954 606 2018 ἕποντ’
627 1943 666 2016 dv
688 1949 846 2037 θάτερον,
870 1944 891 2038 ή
914 1950 970 2018 τδν
992 1939 1070 2017 dede
1090 1945 1200 2016 άδικον

108 2041 176 2114 εἶναι
198 2054 342 2132 νομιζειν
373 2051 715 2134 ε’ναντιοάμενον’τοῖς,
745 2051 788 2129 ῶς
810 2055 907 2118 αδτοί
922 2076 956 2136 γε
978 2051 1081 2137 δήπου
1105 2061 1200 2138 φαῖεν

108 2141 153 2230 άν,
170 2150 402 2238 άπερμαχοῶσι
424 2157 486 2220 τῶν
501 2153 600 2219 θείων
624 2155 800 2239 δογμάτων,
826 2149 845 2240 ή
868 2155 988 2219 δίκαιον
1012 2144 1098 2235 ὅντα,
1121 2158 1201 2239 σφί-

108 2274 150 2314 σιν
170 2245 265 2318 άδικα
291 2256 393 2337 δρῶσι
426 2260 610 2341 περιφανῶς
619 2258 893 2340 ἀντιπράττοντα,
908 2252 1068 2339 ,πράττειν
1089 2256 1204 2334 καλῶς,
1275 2296 1281 2313 .

107 2350 151 2415 ἵνα
174 2361 239 2429 τοϊς
255 2355 424 2433 άσυνέτοις
445 2359 602 2440 ἐγγίνηται
624 2355 749 2433 σύνεσις
771 2356 825 2422 καί
844 2359 908 2422 τῶν
927 2358 1001 2421 καθ’
1022 2355 1115 2436 δμῶν
1135 2355 1199 2419 ου’-
1247 2379 1250 2386 ·

75 2461 165 2529 ιθτοῖς
180 2460 408 2539 πραττομένων
426 2455 587 2540 μετάνοια.
630 2457 698 2524 ‹itt’
720 2456 736 2522 ά
758 2461 833 2535 νοῦς
849 2459 957 2522 arianis
979 2459 1024 2533 εἰς
1050 2447 1204 2522 ἀπόνοιαν

110 2555 249 2632 ἐμπεσών
274 2555 533 2644 ἐκτετάφλωται,
557 2559 612 2624 καί
632 2560 877 2626 σίνεσινπάσαν
897 2557 1046 2638 καθάπαξ
1065 2561 1089 2598 ¹‘
1112 2556 1328 2624 ductante

110 2679 209 2723 παντο.

189 2751 301 2888 ,Ἀλλά
324 2758 386 2847 γάρ
409 2761 517 2848 ἐπειδή
538 2786 597 2848 περ
616 2755 704 2844 οάπω
727 2762 782 2830 κατ’
804 2763 941 2848 τήμερον
963 2767 1028 2837 τοῖς
1049 2762 1107 2829 τοῦ
1124 2766 1236 2829 tta-a

112 2997 207 3050 stiones
227 2999 393 3052 eontrarium
413 2997 511 3051 exitum
524 2998 614 3051 sortiri
634 3013 713 3067 quum
731 2997 848 3062 videant,
868 2996 1028 3050 somniorum
1046 3010 1137 3049 rursus
1156 3013 1205 3049 ae-

112 3079 196 3122 eusant
214 3070 425 3140 ambiguitatem.
462 3069 587 3123 lubenter
601 3085 666 3122 vero
688 3070 811 3139 equid'em
837 3084 884 3122 eos
901 3069 1063 3138 rogaverim,
1085 3068 1130 3136 qui
1149 3068 1204 3131 liat,

112 3147 136 3190 nt
152 3141 214 3195 deus
234 3157 329 3194 eorum
349 3141 512 3194 facinoribus
531 3142 688 3210 adversetur
713 3150 740 3194 et
760 3157 866 3208 semper
891 3156 952 3209 spes
973 3156 1005 3192 ex
1024 3140 1205 3208 praedicatio.

112 3211 181 3264 uibus
200 3221 347 3279 conceptas
368 3214 397 3264 in
416 3214 577 3266 contrarium
597 3214 694 3277 vertat,
713 3229 793 3282 quum
820 3213 976 3279 praesertim
997 3227 1087 3264 eorum
1107 3212 1205 3278 impie.

113 3283 152 3332 tati
171 3285 197 3336 in
216 3300 268 3337 nos
287 3286 462 3351 imperatores
480 3287 607 3337 maiorem
626 3294 706 3353 atque
726 3286 918 3338 evidentiorem
936 3285 990 3336 vim
1010 3284 1114 3336 addant.
1152 3285 1205 3333 im.

114 3363 243 3418 penatores
271 3362 341 3407 enlm
368 3356 448 3408 rebus
474 3357 619 3409 carissimis
645 3357 788 3420 orbantur,
813 3356 990 3408 Romanorum
1009 3356 1088 3408 urbes
1107 3371 1205 3424 resque

113 3425 228 3490 publicae
248 3435 330 3496 atque
354 3428 474 3494 privatae
495 3428 653 3480 detrimenta
685 3429 810 3496 capiunt,
830 3429 917 3478 omnia
945 3427 1031 3480 veluti
1059 3426 1204 3495 naufragiis
1233 3437 1242 3452 ·

114 3499 229 3567 omnique
254 3499 434 3552 discriminum
453 3514 554 3568 genere
572 3500 724 3568 implentur.
762 3499 876 3551 debebat
894 3513 960 3551 vero
981 3499 1099 3550 deueiis
1117 3513 1205 3550 rerum

115 3565 263 3622 lelicitatem
284 3580 311 3622 et
328 3572 433 3638 imperii
452 3570 685 3637 amplificationem
713 3570 858 3638 praebere,
885 3576 977 3636 utpote
999 3569 1141 3636 patriorum
1160 3569 1204 3619 in-

114 3639 257 3694 stitutorum
276 3650 357 3710 atque
375 3643 525 3709 dogmatum
545 3643 694 3695 vindicibus
715 3649 741 3693 et
769 3640 970 3710 illegitimorum
990 3639 1203 3708 castigatoribus.

114 3723 194 3778 neque
213 3729 280 3766 vero
309 3715 343 3765 iis
363 3728 395 3764 eo
422 3713 536 3766 maiores
562 3712 724 3765 calamitates
752 3712 894 3780 indigere,
915 3725 967 3780 quo
985 3712 1069 3780 magis
1087 3718 1203 3764 nostram
1265 3717 1269 3724 ’

115 3787 322 3848 persecutionem
343 3785 491 3837 intendunt.
531 3801 564 3837 ex
582 3785 685 3837 duobus
705 3786 773 3836 enim
800 3783 912 3837 alterum
932 3784 1085 3836 necessario
1105 3797 1204 3834 eonse.

115 3854 204 3920 qoitnr‚
225 3865 255 3908 ut
273 3864 319 3908 ant
340 3856 403 3907 deus
423 3857 535 3908 iniustus
557 3856 694 3920 habeatur,
717 3871 796 3924 quum
815 3856 966 3908 divinorum
984 3855 1135 3921 dogmatum
1153 3854 1204 3906 de.

115 3923 267 3992 tonsoribus,
288 3941 340 3997 quo
358 3927 465 3978 nomine
484 3943 545 3980 sese
569 3928 620 3995 ipsi
640 3926 721 3978 facile
748 3925 965 3994 appellaverint,
983 3925 1139 3978 adversetur
1160 3934 1205 3978 ant

115 3994 166 4060 ipse
184 3999 268 4050 iustus
288 4000 322 4051 iis
350 3999 447 4050 iniuste
474 3999 613 4066 agentibus
643 4015 721 4066 quum
740 4014 800 4050 sese
818 3997 960 4051 manifesto
981 4005 1116 4064 opponat,
1134 3996 1205 4050 bene

116 4065 196 4135 laeiat,
215 4079 244 4120 ut
261 4068 471 4136 imprudentibus
490 4071 653 4136 prudentiam
684 4078 710 4122 et
729 4084 829 4135 eorum,
858 4083 927 4139 quae
946 4069 973 4120 in
992 4082 1040 4120 nos
1062 4070 1205 4120 commise-

115 4147 178 4205 runt,
196 4142 389 4208 poenitentiam
409 4141 520 4192 iniieiat.
565 4143 612 4194 sed
630 4156 705 4194 mens
734 4156 824 4192 eorum
844 4141 871 4191 in
896 4141 1055 4192 dementiam
1075 4155 1204 4208 praeceps

115 4207 196 4264 delata
215 4228 320 4265 omnem
340 4212 446 4262 omniuo
467 4214 540 4264 exuit
558 4213 731 4282 prudentiam.

208 4283 259 4338 Sed
281 4283 407 4353 quoniam
435 4286 549 4349 nondum
577 4301 662 4355 usque
687 4285 784 4352 hodie,
805 4301 884 4356 quum
906 4273 1091 4352 peregrinatus
1113 4281 1206 4344 fueris,
