2926 4906
257 321 333 399 460
557 338 780 408 Niciilflolit
808 331 1037 408 GREGORAE

258 501 396 586 ποίησιν.
438 505 467 569 εἰ
484 505 544 589 μὲν
566 499 621 570 οόν
639 509 695 591 τῆς
717 504 827 582 οόσιόις
848 506 935 590 λέγοι
953 509 1009 590 τῆς
1030 503 1132 584 θειίις,
1154 506 1347 586 Μανιχαιων

192 616 248 671 n
257 597 291 666 τό
312 600 436 687 νόσημα
461 604 572 684 δείξων
604 605 733 694 όλόγος
753 608 896 696 ἔρχεται·
948 607 1004 672 καί
1024 610 1059 672 τί
1084 603 1122 672 ἀν
1144 605 1348 692 ἀσεβέστερον

211 727 226 766 a
258 698 307 786 εἴη
328 706 385 766 τοῦ
405 708 617 788 μετουσόωσιν
644 710 786 795 λέγοντος
808 708 864 832 την
886 709 939 773 ἕπε’
964 710 1021 772 τοῦ
1048 707 1224 793 Θαβωριόυ
1255 702 1348 789 ὅρους

256 803 509 930 μεταμόρρωσιν
528 808 585 872 τοῦ
607 813 759 895 Χριστου,
781 834 834 875 και
829 809 948 873 δυοῖν
968 811 1031 872 τῶν
1053 807 1265 874 ἀτοπωτάτων
1288 806 1347 870 ed-

256 925 348 988 τερον
371 906 496 982 πάντως
516 908 744 1004 εἰσάγοντοςη
765 935 821 993 της
834 909 926 984 θειας
949 908 1060 984 οόσιάς
1078 907 1114 971 τό
1138 907 1368 974 ἀναλλοιίοτονῆ

258 1000 381 1088 deflende}
402 996 686 1093 καθαιροῦντος
657 1033 702 1086 εις
721 1007 756 1074 τό
778 1007 950 1095 ἀφειμένον
973 1033 1025 1072 και
1051 1006 1206 1093 διάφορον
1225 1005 1348 1090 ταύτης,

256 1127 276 1185 η
263 1097 497 1188 διαιροῦντος
524 1109 557 1185 ἐξ
596 1109 743 1193 ἀμαθοῦς
767 1133 822 1174 και
846 1107 1043 1194 κακοτρόπου
1074 1107 1198 1192 γνώμης
1226 1129 1273 1182 εις
1296 1104 1348 1168 όόο

257 1202 413 1285 θεοτήτοιν
439 1205 592 1272 ἀκτι’στων
615 1209 854 1294 ἀιχοτομὴματα
876 1207 931 1293 τὴν
951 1208 1051 1292 μόνην
1074 1204 1218 1274 ἀκτιστόν
1240 1205 1349 1270 τεκαί

257 1299 361 1388 ἀμερῆ
382 1306 438 1370 καί
459 1305 571 1391 ἀπλῆν,
594 1309 650 1374 καί
671 1308 726 1393 τὴν
745 1311 804 1392 μὲν
818 1309 959 1394 λέγοντος
980 1307 1098 1394 όρατὴν
1119 1306 1175 1391 τὴν
1195 1310 1224 1394 d'
1249 1305 1348 1390 ἀόρα-

254 1424 317 1477 1⁰⁷,
337 1403 392 1468 και
412 1429 468 1488 την
488 1408 548 1488 μὲν
576 1407 733 1494 μεθεκτὴν
762 1407 870 1494 τῆνό
907 1408 1099 1491 ἀμέθεκτον,
1132 1432 1186 1472 και
1214 1404 1271 1490 τὴν
1291 1429 1347 1486 μεν
1355 1424 1382 1478 10

254 1499 429 1590 ὖφειμένην
450 1505 595 1600 rpvd’‘
575 1510 811 1596 υπερκειμένην.
857 1508 875 1576 ό
897 1535 949 1575 και
972 1533 1029 1594 την
1050 1511 1112 1574 τῶν
1134 1507 1346 1590 εἰκονομάχων

253 1597 539 1690 ὗπερβέβληκεν“
508 1609 640 1695 αι’ρεσιν,
661 1607 704 1686 cic
726 1612 887 1698 εἰρήσεται
915 1613 1075 1696 χωροῦντι
1096 1633 1139 1695 τῳ
1163 1607 1243 1693 λόγῳ
1266 1612 1345 1669 πλα-

189 1703 390 1792 ωτότερον.
434 1710 463 1772 εἰ
485 1712 514 1773 d'
537 1711 569 1788 ἐξ
592 1709 675 1776 όλοον
695 1710 776 1836 όλην
795 1714 1057 1796 μεταβεβλῆσθαι
1079 1712 1199 1797 φάσκοι
1218 1705 1275 1794 τὴν
1293 1709 1345 1772 τοῦ

257 1806 370 1872 dodico
390 1810 566 1896 μορφήν,
560 1818 640 1876 και)
664 1812 778 1890 αὐτοὺς
801 1814 940 1897 ἀκριβῶς
969 1815 1069 1876 εἰπεῖν
1088 1811 1161 1888 τοὺς
1183 1808 1344 1892 εικονομά-

252 1928 343 1987 χους,
364 1909 419 1974 έπι
441 1912 510 1996 φῶς
530 1908 677 2037 λάρρητόν
698 1938 731 1978 τε
763 1939 816 1978 και
845 1910 988 1978 ἀκτιστον
1016 1913 1072 1978 καὶ
1092 1912 1227 1998 θεότητα
1249 1910 1375 2034 ξένην,ιη

253 2004 342 2072 καθὰ
360 2009 420 2074 κάν
439 2017 505 2088 τοῖς
525 2016 600 2099 περι
621 2012 732 2100 φωτός
726 2012 882 2092 διέξεισι
903 2012 1007 2098 λόγοις
1029 2012 1126 2077 αὐτοῦ
1148 2017 1272 2138 φρονοῖς
1295 2011 1344 2075 ἀν-

253 2108 435 2190 θρωπίναις
455 2115 636 2198 κεχρῆσθαι
655 2111 690 2179 τό
714 2115 783 2200 petr
804 2117 924 2193 ἐκεῖνο,
951 2112 1158 2195 καυχώμενον
1177 2111 1268 2197 ’πρός
1292 2110 1343 2173 αό

253 2207 315 2286 τόν,
337 2209 393 2274 καί
409 2208 473 2296 “μη“
499 2213 627 2299 gnoldo&n
647 2217 954 2300 παρακελευόμενον,
971 2211 1072 2297 “perd
1092 2235 1151 2279 σου
1172 2211 1234 2296 γάρ
1258 2209 1345 2293 εἰμι,”

252 2310 309 2373 τοῦ
325 2309 492 2392 μέλλοντος
513 2311 686 2400 ἀρραβῶνα
712 2313 817 2400 φωτός
850 2315 1085 2400 παρεχόμενον,
1115 2311 1262 2396 ζητητέον
1282 2313 1345 2384 πῶς

120 2413 141 2468 i.
151 2409 202 2470 ott
214 2429 239 2468 a·
253 2407 288 2474 τό
312 2409 435 2476 κτιστόν
460 2413 722 2499 μετακεχεόρηκεν
751 2409 857 2501 ἑαυτῷ
891 2414 971 2501 πρὸς
1002 2412 1038 2480 τό
1072 2409 1218 2480 ἀκτιστον
1241 2412 1294 2476 καί
1311 2408 1378 2480 aito
1460 2450 1461 2468 ι

255 2509 413 2596 ἠργμένον
433 2510 514 2597 πρός
533 2511 568 2577 τό
593 2511 733 2599 ἄναρχον
748 2516 803 2580 καί
815 2513 849 2580 τό
869 2512 1021 2600 χρονικόν
1044 2512 1124 2600 πρός
1143 2511 1178 2578 τό
1204 2509 1340 2598 ἄχρονον,

188 2608 310 2678 11καί
331 2609 413 2696 πρὸς
432 2610 467 2676 τό
491 2615 732 2700 πεπερασμένον
746 2614 781 2680 τό
799 2613 940 2702 ἄπειρον.
962 2613 1079 2698 ὅτιμὲν
1095 2613 1158 2700 γὰρ
1181 2611 1218 2677 τό
1241 2614 1336 2700 φθαρ-

252 2708 306 2776 τόν
329 2713 419 2778 τοῦτο
449 2715 531 2782 κατὰ
557 2714 612 2782 τόν
639 2720 729 2783 θεῖον
757 2716 932 2784 ἀπόστολον
965 2717 1129 2786 ἐνόόσεται
1150 2711 1337 2803 ἀφθαρσίαν,

251 3041 299 3093 tic.
337 3041 419 3110 igitur
448 3041 470 3092 ei
495 3042 554 3110 quir
578 3042 711 3094 cosentiae
734 3043 842 3095 divinae
866 3043 979 3106 dixerit,
998 3040 1213 3096 Manichaeorum
1230 3038 1365 3091 morbum

254 3113 402 3165 ostenderit
422 3113 518 3165 oratio.
556 3114 619 3180 quid
636 3129 704 3165 vero
727 3115 811 3181 magia
832 3115 940 3180 impium
960 3122 1015 3178 eat,
1036 3129 1112 3181 quam
1132 3111 1267 3162 oetentiae
1284 3126 1346 3177 per.

251 3184 421 3235 mutationem
441 3185 532 3236 dicere
550 3184 649 3237 Christi
667 3186 694 3236 iu
714 3194 803 3236 moute
824 3184 928 3238 Thabor
948 3184 1207 3249 transfigurationem
1230 3189 1257 3233 et
1282 3183 1347 3233 dna-

252 3270 308 3306 rum
326 3255 484 3322 ineptiarum
503 3255 706 3320 iuducere‚·aut
727 3257 891 3308 immutabile
914 3257 1021 3308 divinae
1041 3254 1173 3306 essentiae
1199 3253 1347 3319 deprimere

251 3325 284 3377 ad
302 3325 450 3377 subiectum
477 3333 503 3377 et
525 3325 558 3377 ab
582 3325 630 3377 illa
648 3327 779 3391 alienum,
805 3335 852 3379 ant
869 3328 1012 3385 incolentia
1035 3333 1061 3377 et
1077 3324 1193 3392 maligna
1213 3327 1303 3375 mente
1320 3323 1346 3372 in

251 3396 315 3448 dum
339 3397 470 3447 increatae
501 3398 612 3448 deitates
643 3398 792 3450 distrahere
813 3414 890 3450 unam
915 3401 1059 3449 increatam
1088 3404 1115 3446 et
1139 3395 1304 3445 individuam
1323 3399 1348 3443 et

251 3465 418 3532 simplicem,
444 3473 471 3517 et
499 3467 610 3518 alteram
634 3469 724 3520 dicere
744 3470 892 3534 visibilem,
913 3468 1077 3521 invicibilem
1097 3467 1218 3529 alteram,
1236 3466 1346 3517 alteram

250 3536 491 3605 particeptibilem,
509 3539 772 3605 impartlceptibilem
791 3540 918 3604 alteram,
938 3539 1048 3591 alteram
1068 3539 1231 3599 subiectam,
1250 3552 1348 3604 super·
1388 3545 1391 3554 ’

250 3610 346 3660 lectam
365 3607 485 3673 alteram,
505 3612 575 3676 qnod
595 3612 677 3676 iprum
697 3612 930 3664 iconomachorum
955 3611 1079 3662 haeresin
1103 3609 1242 3675 superavit
1266 3615 1295 3660 nt
1313 3609 1348 3667 dn

250 3677 413 3746 procedente
432 3682 554 3731 oratione
573 3681 657 3732 ineius
676 3682 788 3734 dicetur.
824 3685 865 3734 sin
888 3698 991 3734 omnem
1011 3683 1117 3733 omnino
1136 3679 1235 3730 dixerit
1251 3679 1347 3730 immu-

251 3757 330 3801 tatam
357 3749 430 3800 servi
457 3751 565 3803 formam
591 3759 620 3802 nt
646 3753 813 3805 iconomachi
837 3754 928 3804 dicunt
953 3754 979 3803 in
998 3753 1085 3804 lucem
1105 3751 1238 3801 infandam
1260 3758 1287 3801 et
1304 3751 1347 3800 in-

251 3826 365 3870 creatam
385 3826 412 3870 et
430 3821 554 3874 deitatem
573 3822 687 3874 alienam
706 3833 735 3875 ut
755 3825 782 3875 in
801 3825 967 3892 sermonibus
985 3824 1018 3874 de
1030 3823 1090 3873 luce
1110 3822 1220 3874 disserit
1236 3820 1346 3872 vocibna

174 3897 176 3903 ’
251 3889 382 3953 humanis,
401 3906 472 3942 naam
493 3908 552 3944 esee
571 3893 657 3944 lucem
677 3895 749 3946 illam
762 3895 920 3963 gloriantem
940 3896 972 3946 de
992 3909 1062 3957 nese,
1083 3899 1253 3944 nonterrore
1273 3906 1346 3942 com-

250 3967 474 4024 mecumtecum
494 3964 562 4013 enim
581 3978 653 4028 num,
680 3968 776 4033 pignna
801 3966 906 4018 futurae
925 3965 993 4016 lucis
1012 3964 1194 4031 praebentem,
1213 3977 1346 4031 quaeren-

250 4033 312 4083 dum
336 4039 391 4093 eat,
419 4035 550 4108 quomodo
567 4043 684 4086 creatum
707 4037 804 4088 abierit
816 4039 847 4088 ad
860 4039 1006 4088 increatum
1024 4044 1050 4086 et
1074 4035 1226 4086 inchoatum
1245 4035 1279 4085 ad
1295 4048 1345 4084 non

251 4102 401 4153 inchoatam
420 4110 447 4152 et
465 4103 611 4170 temporale
630 4107 662 4156 ad
681 4121 733 4158 non
753 4108 901 4175 temporale
921 4115 947 4158 et
959 4107 1061 4158 linitum
1081 4107 1112 4156 ad
1131 4106 1272 4156 inlinitum
1289 4118 1346 4154 nam

252 4172 303 4224 hoc
323 4172 500 4239 corruptibile
517 4182 545 4224 nt
564 4175 641 4228 divus
660 4179 799 4243 apostolus
822 4180 886 4231 drcrt
895 4177 1046 4228 induturum
1059 4177 1286 4242 incorruptionem
1298 4189 1345 4226 an-

252 4245 366 4300 divimna
386 4245 618 4315 credidimueque,
638 4257 754 4302 creatum
775 4257 863 4304 antem
881 4250 940 4304 lieri
958 4250 1103 4300 increatum
1123 4247 1168 4300 ael
1189 4261 1285 4314 corpur
1304 4246 1344 4296 in-
