2880 4910
181 371 395 438 ersroama
419 368 677 441 namuurum
702 371 796 436 xxx.
821 348 1012 451 88-91.
1090 353 1163 441 aaa

100 536 170 597 νικῶν
188 533 293 616 λόγων.
339 529 452 615 ἥντινα
472 533 510 616 δὴ
533 529 676 616 τεχνικήν
697 533 815 616 σοφιάν
834 527 1041 614 παρακατιαέν
1063 520 1161 600 αὖθις

97 633 281 718 ανίὀςψιλην
301 633 357 698 καί
372 632 593 698 ἀνυπόστατον
615 636 649 699 ὲν
671 636 716 722 τῷ
738 635 780 720 νῷ
801 634 1033 715 συνισταμένην
1056 629 1165 714 φησίν,

96 734 185 798 circel
203 734 280 800 κατα
305 737 388 814 λέξιν
409 733 624 817 διαγορεύαν,
658 727 705 798 ὅτι
740 730 778 799 τοὶ
809 731 870 796 dni
905 734 985 796 θεοῦ
1015 727 1162 814 γεγονότα

95 829 211 913 γινώσκει
230 835 281 899 τὸν
303 832 381 900 θεὸν
411 835 450 923 τῇ
472 835 641 920 ἀναλήψει,
662 833 706 910 ὥς
740 833 873 920 εἴρηται,
896 837 951 917 τῆς
971 835 1006 900 έν
1028 839 1093 906 τοῖς
1108 833 1162 913 γἐ-

76 934 176 1017 eposio
195 943 414 1022 θεωρουμένης
428 943 571 1022 τεχνικῆς
593 933 719 1024 σοφίας,
740 935 806 1021 ἥτις
827 939 897 1002 ἐστί
910 933 989 1020 ψιλὴ
1005 936 1059 998 καί
1081 933 1171 997 α’νυ·.

94 1035 217 1114 πόσιαιος
238 1043 271 1105 έν
293 1043 337 1128 τῷ
360 1042 402 1128 νῷ
425 1044 649 1126 συνισταμένη.
702 1041 757 1104 καί
780 1037 925 1120 οἰλλαχοῦ
947 1032 1042 1100 πάλιν
1068 1032 1230 1113 oduino

92 1129 180 1202 οὗκέκ
199 1145 253 1226 τῆς
291 1136 403 1214 οὕσίας
437 1144 520 1226 φησί
541 1142 597 1206 τὸν
620 1136 697 1204 θεὸν
717 1138 929 1222 γινώσκομεν,
961 1135 1030 1199 ἀλλ’
1051 1133 1084 1202 ἐκ
1107 1136 1163 1216 τῆς
1252 1143 1256 1150 ’

92 1241 299 1325 μεγαλουργίας
322 1244 377 1304 καί
398 1244 548 1324 προνοίας
571 1242 634 1304 τῶν
655 1233 773 1303 ὄντων·
818 1235 870 1302 ded
894 1233 1014 1301 τούτων
1035 1232 1095 1319 γιὶρ
1119 1232 1163 1308 ὥς

20 1381 21 1384 =
91 1339 121 1398 δι’
138 1333 293 1426 ἐσόπτρων
315 1339 373 1424 την
403 1334 535 1423 ἄπειρον
554 1337 740 1424 α’γαθότητα
763 1336 817 1402 καί
848 1338 965 1421 σοφίαν
987 1338 1043 1401 καί
1063 1334 1164 1399 δένα-

63 1447 129 1518 λλμιν
149 1441 386 1521 κατανοοῦμεν.”
432 1443 533 1506 ταῦτα
567 1437 689 1518 διεξιών
720 1437 939 1524 ὄΓρηγορᾶς,
963 1431 1079 1526 “dopo’'
1101 1432 1163 1523 ἔφη

18 1619 19 1622 ¹
88 1537 150 1620 τρίς
170 1538 221 1604 τὸν
240 1544 406 1624 Παλαμοῖν
438 1541 593 1626 στραφείς
621 1535 729 1617 ι’έποος
760 1543 849 1605 δυοῖν
876 1533 1089 1622 προκειμένων
1109 1538 1164 1602 ένε·

87 1643 174 1703 ιαῦθα
195 1645 411 1727 βλασφημιῶν
440 1647 473 1722 ἐξ
494 1643 631 1726 ἀνάγκης
652 1647 710 1732 μιᾷ
733 1642 947 1724 περιπίπτειςγ
981 1632 1002 1724 ἢ
1022 1635 1084 1721 γοίρ
1105 1634 1162 1701 τόν
1175 1658 1194 1712 γ,
1207 1659 1294 1717 γςργ,

87 1735 142 1802 olis
159 1742 212 1806 τοῦ
233 1746 324 1823 θεοῦ,
352 1741 409 1826 τὴν
432 1736 526 1818 ὄντας
548 1743 666 1827 σοφίαν
695 1745 738 1806 δι’
761 1735 796 1826 ἧς
819 1745 874 1806 καί
896 1743 930 1806 έν
953 1731 974 1830 ᾗ
996 1738 1036 1807 τὰ
1058 1739 1163 1824 πάντα

86 1842 239 1924 πεποίηκεν,
260 1842 411 1908 α’νούσιον
440 1847 542 1926 λέγεις
575 1841 727 1929 θεότητο,
759 1837 856 1927 ἢτὴν
879 1846 913 1908 έν
931 1851 996 1916 τοῖς
1016 1845 1164 1920 κτισμασι

16 1981 17 1986 1
57 1939 208 2023 λλτεχνικην
232 1945 349 2027 σοφίαν
371 1937 517 2008 ἇκτιστον
540 1946 594 2010 καί
613 1945 729 2030 ταύτην
760 1949 813 2009 καί
843 1938 910 2023 ἅμα
928 1937 1075 2006 ἀνοίστου
1098 1934 1165 2028 φοῖ-

16 2089 17 2092 ¹
84 2061 151 2114 “²³¹9
171 2043 324 2128 βιότητα·
367 2041 406 2128 ἢν
433 2042 533 2129 ψιλὴν
564 2049 618 2109 καί
639 2043 860 2110 α’ννπόστατον
887 2033 920 2108 έν
941 2046 985 2131 τῷ
1007 2045 1051 2130 νῷ
1071 2065 1164 2106 συνι-

83 2146 219 2227 σταμένην
239 2145 294 2208 τὸν
315 2147 404 2209 θεῖον
424 2142 559 2228 α’κηκοας
583 2149 713 2228 λέγοντα
736 2143 897 2226 Μάξιμον.
944 2146 1078 2208 τοιαῦτα
1099 2138 1163 2225 γάρ

83 2261 128 2302 ooo
148 2241 184 2306 τα’
207 2248 271 2309 ταῖν
293 2242 420 2312 deiros
441 2235 659 2331 καινοφοννιοῖν
680 2246 818 2330 αἰσχροί,
849 2248 904 2309 καί
925 2240 1007 2309 οὕτω
1030 2245 1163 2325 σχέτλια

83 2339 112 2404 ιὰ
132 2344 383 2428 σομπεροῖσματα
412 2351 466 2431 τῆς
490 2354 547 2430 σῆς
572 2351 768 2429 δυσσεβείας.
825 2344 935 2410 ἔπειτα
958 2347 1013 2428 ζῆν
1033 2345 1162 2431 τολμᾷς,
1173 2365 1228 2416 οι

53 2442 127 2506 λλιοί
145 2438 305 2513 inertiam
325 2450 505 2533 ὀφθαλμοῖς
526 2449 583 2532 τη“ν
606 2449 761 2531 οὐρανίαν
781 2451 909 2531 βλέπειν
943 2447 1106 2527 λαμπάδα,
1126 2441 1165 2508 τὰ
1186 2506 1188 2510 ,

82 2545 183 2623 σεμνὸν
207 2544 295 2632 ἡλίου
317 2553 489 2635 βλέφαρον,
513 2552 567 2615 καί
589 2551 771 2635 ἀνθρώποις
787 2553 861 2614 νοιῖν
876 2546 1006 2631 ἔχουσιν
1029 2545 1163 2628 ὁμιλεῖν,

80 2643 124 2708 καί
141 2650 192 2710 τοῦ
222 2650 323 2715 edroi
353 2650 676 2733 συμμεταλαμβάνειν
706 2653 815 2725 ου’τοῖς
850 2649 960 2734 α’έρος,
991 2644 1163 2731 ὑπόμνημα

30 2994 41 3016 Ι
83 2944 105 2987 et
120 2942 268 3007 cognitione
286 2940 446 2994 naturalium
459 2958 529 3011 qnae
547 2942 575 2994 in
595 2942 629 2993 iis
648 2948 709 2993 sunt
726 2941 873 2994 rationum:
894 2956 971 3010 quam
993 2941 1098 3010 quidem
1117 2955 1163 2994 sa.

80 3008 191 3073 pientiam
215 3012 387 3065 artificiosam
414 3013 495 3081 paulo
521 3021 700 3081 postrrursns
727 3014 786 3080 ipse
806 3005 917 3065 lennem
946 3020 972 3064 et
999 3013 1164 3066 substantiae

80 3091 201 3146 expertem
221 3086 249 3136 ln
270 3093 359 3136 mente
378 3086 551 3152 compositam
570 3084 649 3149 dicit,
676 3085 727 3135 hoc
749 3085 827 3136 modo
845 3083 877 3138 ad
892 3081 1009 3136 ¹verlrum
1028 3091 1164 3134 <statuariae

80 3165 138 3216 quae
154 3169 169 3204 a
188 3157 237 3207 deo
258 3156 327 3207 laeta
346 3157 400 3208 sint
420 3171 587 3224 cognoscere
608 3156 685 3207 deum
699 3155 940 3222 comprehensione
959 3163 989 3206 ut
1007 3155 1105 3207 dictum
1124 3162 1165 3206 est

79 3223 264 3278 animadversae
289 3228 317 3277 in
337 3229 370 3279 iis
389 3243 457 3295 qnae
476 3229 545 3279 lacta
569 3236 630 3279 sunt
649 3228 811 3280 artificiosae
830 3227 995 3294 sapientiae,
1015 3241 1084 3296 quae
1101 3226 1164 3295 qui..

79 3291 128 3343 dem
146 3305 183 3348 est
199 3299 288 3350 tenuia
322 3305 349 3350 et
373 3298 536 3352 substantiae
568 3313 664 3366 expers
688 3301 715 3350 in
745 3307 834 3351 mento
857 3299 1014 3367 composita.
1053 3304 1080 3349 ct
1100 3296 1178 3349 alibi-

78 3377 159 3416 rursus
178 3367 241 3422 illes
260 3383 315 3420 non
338 3371 507 3434 excusantia,
526 3371 622 3440 inquit,
643 3371 720 3422 deum
740 3371 937 3440 cognoscimus,
956 3371 1003 3422 sed
1023 3385 1037 3421 e
1056 3369 1164 3438 magni.

79 3432 172 3491 leontia
199 3447 226 3491 at
249 3441 420 3508 prouidentia
446 3457 543 3493 rerum.
591 3458 624 3493 ex
643 3442 685 3494 his
708 3445 777 3494 enim
802 3451 832 3494 ut
859 3457 874 3493 e
900 3442 1018 3510 speculis
1036 3441 1165 3492 inlicitam

77 3502 208 3562 bonitatem
233 3519 260 3563 et
278 3513 435 3579 sapientiam
456 3521 482 3564 et
501 3514 554 3564 vim
573 3512 759 3581 intelligimus.
797 3511 865 3566 huec
880 3521 1040 3582 persecutus
1058 3513 1169 3588 drogo-4

78 3590 130 3642 ras,
149 3582 238 3646 vides,
261 3583 365 3652 inquit,
386 3584 418 3636 ad
438 3581 567 3635 Palamnm
586 3600 751 3650 conversus,
772 3600 829 3636 cum
855 3585 923 3637 dune
941 3587 995 3637 sint
1016 3583 1058 3635 lric
1077 3581 1164 3635 mele.

77 3646 196 3703 dictiones
213 3656 379 3722 propositae,
397 3658 551 3722 necessario
565 3658 593 3707 in
607 3655 717 3708 alteram
732 3665 759 3708 to
777 3657 912 3719 incidere;
932 3664 979 3706 unt
992 3657 1061 3706 enim
1080 3653 1164 3706 filium

77 3717 128 3785 dei,
146 3725 188 3790 qui
214 3732 254 3775 est
273 3741 337 3777 vera
354 3728 493 3794 sapientia,
516 3741 567 3794 qua
589 3735 617 3778 et
632 3727 660 3777 in
679 3744 731 3795 qua
755 3729 881 3779 universa
902 3728 981 3790 iecit,
1001 3727 1163 3779 inessentia-

40 3793 43 3796 '
77 3786 121 3840 lem
140 3794 203 3846 dicis
216 3796 381 3848 divinitatem
402 3805 447 3849 aut
464 3799 634 3850 artificiosam
653 3813 722 3866 quae
740 3806 781 3850 est
796 3800 824 3850 in
842 3799 939 3850 creatis
959 3799 1115 3865 sapientiam
1136 3805 1163 3848 ct

76 3858 148 3924 ipsam
165 3867 310 3919 increatam
332 3868 464 3937 simulque
483 3869 683 3921 inessentialem
702 3883 784 3921 vocas
804 3869 988 3934 divinitatem,
1015 3883 1092 3936 quarn
1117 3876 1162 3920 te-

75 3943 144 3984 nuem
164 3945 190 3988 et
207 3938 371 3991 substantiae
390 3948 526 4007 expertem
545 3942 573 3992 in
592 3949 682 3992 mento
702 3942 874 4008 compositam
899 3942 1016 3993 divinum
1036 3940 1161 3992 audivisti

76 4000 195 4060 dicentem
214 4009 363 4062 llaximum.
406 4011 467 4065 talis
488 4013 557 4062 enim
587 4019 631 4062 tua
652 4021 692 4064 est
717 4013 868 4079 ineptorum
893 4012 1084 4079 paradoxornm
1103 4019 1161 4062 tur.

75 4072 157 4153 pitudo
177 4087 272 4132 ettam
294 4084 421 4134 immanes
441 4091 503 4134 sunt
524 4084 742 4136 ratiocinationes
769 4085 913 4150 impietatis
933 4092 1009 4136 tuae:
1032 4091 1057 4134 et
1075 4090 1162 4134 tamen
1249 4118 1251 4124 .

74 4155 159 4198 vivero
178 4152 258 4203 audes
279 4161 305 4204 et
325 4153 410 4204 oculis
431 4154 628 4221 impudentibus
641 4155 786 4208 coelestem
805 4155 942 4220 suspicere
962 4153 1056 4216 lacem,
1076 4169 1164 4222 augu-

73 4218 135 4266 stum
153 4220 217 4274 solis
237 4223 345 4276 oculum
367 4233 394 4276 et
413 4226 483 4277 inter
505 4225 626 4278 homines
645 4235 733 4278 mente
753 4226 888 4294 praeditos
905 4225 1008 4279 uersari
1029 4224 1163 4276 eiusdem-

75 4296 123 4350 que
139 4304 193 4343 cnm
210 4293 243 4346 iis
257 4298 396 4365 particeps
422 4309 481 4351 essa
502 4300 590 4363 atris,
619 4297 768 4366 exemplum
793 4305 881 4350 tantm
909 4296 1048 4366 pravitatis
1079 4294 1163 4346 fuctus
