2952 4902
232 335 303 416 lot
541 348 765 417 urcsnnonr
796 347 1026 416 omoonon

226 512 287 592 μὲν
307 507 412 592 ήρέμα
434 513 488 574 κατ’
502 512 626 596 απουδῇ
648 515 858 595 περαίνοντες,
874 509 932 592 τήν
946 511 982 574 δέ
996 533 1031 592 γε
1045 512 1101 594 τῆς
1116 509 1193 594 έμής
1214 505 1328 573 durda-

226 633 279 687 τες
301 603 557 699 άλλονςμητρός,
579 606 799 694 άπλονστέραν
829 610 1011 693 εόμένειαν,
1041 609 1175 698 όφάλεον
1203 612 1325 690 πετράν
1426 612 1429 620 ’

229 712 358 798 ου’δαμῇ
381 739 430 777 πω
450 709 621 796 μαθαόσης
641 711 868 792 συμπτώματα,
887 712 942 776 καί
955 713 1068 787 δόλους
1088 713 1148 793 μὲν
1171 711 1253 795 αὐτῇ
1274 712 1329 774 καί

227 814 400 895 προδοσίας
414 809 593 898 ,βάπτοντες
615 812 736 896 ἡμέρας
756 812 811 875 καί
830 812 946 896 νυκτός,
968 815 1078 897 φιλίας
1098 815 1126 876 δ’
1151 805 1193 875 uri
1208 807 1329 892 ἑτέρα-

226 919 284 979 θεν
308 909 481 991 δεικνύντες
501 915 677 998 πρόσωπον,
700 910 816 978 έλαθυν
830 916 981 1000 ἀψοφητί·
996 917 1040 1004 epi
1063 916 1125 979 τάν
1149 909 1355 988 διακόνταιν5

227 1014 460 1097 προδεδωκότες
482 1017 587 1101 βυθῷ,
614 1018 736 1102 ληστάν
760 1015 947 1097 ἀδικώτεροι
969 1015 1094 1081 πάντων
1115 1023 1178 1089 τοῖς
1198 1015 1329 1098 εόεργέ-

161 1139 216 1192 45
227 1139 298 1190 ταις
323 1121 474 1202 φανέντες
495 1116 582 1197 ἡμῖν.
624 1115 662 1183 τά
688 1119 723 1180 δὲ
746 1117 880 1180 τοιαότα
895 1118 950 1199 τῆς
972 1110 1156 1198 ἀπορρήτου
1177 1118 1328 1194 προνοίας

226 1217 365 1297 κρίματα
386 1220 535 1298 ἐρευνᾶν,
575 1212 661 1291 ὅπως
693 1213 723 1280 οῖ
750 1216 790 1280 τά
824 1218 932 1281 δίκαια
957 1218 1124 1301 ζητοῦντες
1151 1216 1242 1300 ἡμεῖς
1262 1223 1328 1289 τοϊς

227 1319 347 1393 α’δίκσις
375 1316 437 1382 ont
463 1321 524 1383 τάν
548 1321 666 1384 α’δίκονν
688 1320 731 1380 δι’
760 1315 852 1400 ἕτερα
876 1317 1101 1400 προδεδόμεθα
1129 1319 1184 1382 νῦν
1208 1315 1329 1380 orirerur*

226 1417 492 1502 πλημμελήματα,
514 1415 575 1501 έγοό
603 1423 663 1500 μέν
693 1418 750 1482 oria
769 1411 807 1481 άν
831 1417 1004 1502 δυναίμην·
1056 1415 1157 1496 ἔξεστι
1178 1415 1241 1499 γάρ
1260 1423 1327 1489 τοῖς
1340 1429 1378 1482 10

226 1521 360 1592 άπαθοδς
384 1522 534 1582 ἐθέλουσι
564 1523 692 1598 βλέπειν
720 1516 760 1582 τά
782 1516 837 1583 ἴσα
866 1517 954 1603 παρά
985 1517 1039 1583 τόν
1059 1521 1128 1600 βίον
1148 1517 1201 1580 αἐί
1219 1513 1329 1600 γιγνό-

224 1622 307 1700 μενα
338 1622 398 1698 μὲν
426 1622 644 1704 κεκρυμμένην
670 1622 699 1684 δ’
727 1617 842 1702 ἔχοντα
868 1617 927 1703 τήν
956 1622 1013 1702 τής
1036 1617 1189 1703 άληθείας
1220 1617 1329 1682 αἰτίαν

225 1719 270 1795 αἱς
288 1720 327 1784 τά
350 1719 464 1783 πολλά.
516 1721 630 1801 λεγέτω
653 1722 681 1783 δ’
707 1714 765 1784 σόν
781 1715 872 1802 ,ὅμως
892 1721 947 1784 καί
978 1719 994 1782 δ
1018 1719 1180 1805 προφήτης
1198 1722 1327 1794 ἐκεῖνος,

156 1837 162 1844 ’
220 1819 295 1883 “iau
318 1818 350 1883 τί
371 1817 443 1892 ὁδός
478 1818 602 1900 όσεβιόν
624 1823 809 1884 ετιόδοῦταιυ
839 1823 925 1902 βοοῖν
958 1822 991 1884 έκ
1011 1822 1112 1900 μέσης
1133 1821 1187 1882 καί
1210 1823 1328 1902 φλεγο-

224 1924 320 2002 μένης
344 1923 478 2002 ψυχῆς·
531 1924 644 2003 λεγέτω
668 1923 696 1986 δ’
720 1915 791 2004 ἑξής
813 1922 869 1984 καί
900 1920 918 2002 ἦ
940 1918 1061 2003 μεγάλη
1083 1919 1138 2001 τής
1160 1919 1327 1997 εόσεβείας
1341 1929 1377 1982 15

225 2021 343 2104 ἐκείνης
364 2019 506 2102 σάλπιγξ,
526 2021 578 2084 ἵνα
601 2021 644 2105 μή
667 2030 736 2098 τοῖς
759 2023 894 2086 ἐκδικεῖν
915 2021 1064 2084 έθέλυυσι
1089 2018 1127 2082 τά
1148 2016 1193 2100 μή
1217 2019 1328 2082 δίκαια

224 2121 387 2205 πρόφασις
412 2118 450 2184 τά
481 2125 613 2186 τοιαῦτα
634 2125 744 2200 κακίας
775 2115 807 2210 η’.
847 2119 1118 2203 “amputatum'’
1149 2116 1210 2200 γάρ
1244 2141 1328 2201 φησι

220 2220 297 2284 “qu
316 2220 433 2284 δίιιαισι
452 2217 601 2297 πολλάκις
624 2225 668 2298 εἰς
697 2232 812 2306 χεῖρας
835 2221 968 2303 α’σεβάν,
992 2220 1054 2302 οόχ
1076 2219 1114 2284 ἵν’
1144 2223 1257 2284 ἐκεῖνον
1280 2242 1328 2282 τι-

225 2325 389 2404 μηθαῑοιν,
422 2321 492 2384 ἀλλ’
521 2323 565 2385 ἵν’·
588 2313 676 2388 οὗτοι
700 2325 940 2402 δοκιμασθῶσι·
997 2324 1052 2385 καί
1073 2325 1191 2406 φαῦλοι
1210 2323 1270 2398 μὲν
1292 2320 1329 2384 έν
1406 2314 1413 2320 ’

224 2421 353 2510 θανάτῳ
375 2425 502 2509 έξαισίηι
524 2420 602 2486 κατά
625 2422 660 2487 τό
684 2428 911 2508 γεγραμμένον,
933 2427 1166 2506 καταγελῶνται
1188 2423 1218 2484 δ’
1239 2417 1378 2503 ‘imao

223 2517 258 2584 τό
282 2522 386 2603 παρόν
408 2525 559 2606 εόσεβεῑς,
583 2522 641 2599 ἕως
663 2524 684 2607 ἡ
703 2522 880 2609 χρηστότης
900 2529 956 2590 τοῦ
977 2528 1056 2590 θεοῦ
1076 2524 1249 2607 κρύπτεται
1270 2524 1326 2585 καί

223 2618 261 2684 τά
284 2621 405 2704 μεγάλα
426 2635 553 2705 ταμιεῖα
570 2632 633 2689 τοῖν
654 2621 786 2710 ὕστερον
809 2621 1211 2712 ἑκατέραιςάπσκειμένων,
1233 2621 1326 2706 ἡνίκα

225 2718 315 2805 λόγος
339 2727 394 2789 καί
415 2727 529 2807 πρᾶξις
551 2724 604 2790 καί
620 2723 778 2813 διανόημα
796 2735 863 2802 τοῖς
884 2729 1019 2802 δικαιόις
1040 2727 1097 2791 τοῦ
1118 2726 1199 2788 θεοῦ
1219 2727 1325 2790 σταθ-

225 3029 320 3086 leniter
339 3033 507 3102 effecerunt,
532 3038 630 3092 etalio
649 3039 694 3092 uia
720 3040 851 3092 sinceram
869 3047 985 3092 mentem
1003 3037 1094 3092 matris
1112 3053 1188 3089 meae
1205 3036 1323 3104 decepe-

225 3114 288 3157 runt
310 3122 377 3174 quae
403 3109 530 3175 scopulos
554 3111 583 3162 in
611 3113 676 3162 mari
695 3109 811 3164 latentes
835 3113 989 3180 neutiquam
1009 3117 1133 3163 noverat.
1157 3108 1235 3160 dolos
1254 3109 1325 3159 enim

228 3185 255 3228 et
279 3178 457 3243 proditionem
480 3181 510 3234 ,ei
539 3189 619 3232 noctu
644 3183 744 3251 diuque
763 3180 849 3234 moliti
876 3193 968 3236 contra
992 3182 1126 3234 amicitiae
1153 3179 1256 3233 vultum
1273 3193 1325 3230 eo.

225 3263 282 3299 rani
308 3249 465 3302 exhibentes
497 3253 682 3318 necopinatum
717 3269 773 3304 earn
803 3263 1004 3321 persecutorum
1030 3252 1123 3306 turbae
1151 3251 1324 3304 tradiderunt.

227 3334 310 3387 quare
328 3320 406 3371 uobis
425 3329 518 3387 utpote
533 3325 579 3391 qui
594 3324 725 3377 beneficia
743 3326 771 3376 in
787 3341 833 3378 eos
852 3326 1056 3378 contulissemus
1075 3324 1246 3377 insidiatores
1265 3330 1325 3372 tur.

226 3390 329 3456 pissimi
349 3392 401 3442 visi
421 3400 490 3444 sunt.
538 3396 584 3447 sed
613 3397 735 3464 equidem
761 3396 808 3450 bas
834 3399 1020 3466 providentiae
1048 3412 1116 3464 quae
1135 3392 1325 3461 comprehendi

223 3475 279 3511 nou
300 3469 389 3526 potest
409 3464 528 3516 rationes
547 3467 712 3536 investigare
732 3485 778 3519 cur
796 3485 845 3524 nos
865 3471 910 3538 qui
929 3470 999 3521 iusta
1017 3482 1190 3535 sequeremur
1208 3473 1260 3516 turn
1277 3465 1325 3514 iu.

221 3533 292 3614 iuste
312 3533 344 3584 ab
364 3534 490 3601 improbis
523 3539 612 3590 traditi
636 3541 732 3605 simus,
750 3555 867 3610 nequeo.
910 3550 997 3593 tomen
1024 3541 1068 3609 qni
1095 3539 1262 3590 considerate
1279 3549 1324 3586 res

222 3617 357 3670 suspicere
383 3607 493 3671 volunt,
520 3626 550 3661 ea
579 3627 647 3678 quae
673 3627 721 3678 per
743 3627 846 3665 omnem
865 3614 946 3665 vitam
971 3613 1041 3664 iusta
1065 3611 1190 3663 videntur
1208 3607 1324 3661 veritate

220 3675 270 3758 uiti
303 3691 371 3745 quae
399 3687 427 3730 ut
455 3679 507 3730 aliu
535 3682 618 3734 multa
638 3683 795 3752 plerumque
815 3699 863 3737 uos
889 3685 987 3748 lateat,
1012 3683 1161 3735 invenient.
1200 3679 1324 3750 loquetur

221 3754 304 3814 agitur
322 3749 469 3816 propheta:
490 3760 553 3805 “cur
572 3756 712 3821 impiorum
726 3757 787 3809 viae
805 3757 902 3824 planae
921 3754 1020 3808 sunt?”
1042 3755 1157 3806 olamans
1178 3767 1212 3803 ex
1230 3750 1322 3801 intimo

221 3818 354 3900 et'pleno
383 3830 502 3888 pectore.
539 3826 618 3878 tollat
650 3843 756 3895 quoque
786 3844 880 3881 uocem
905 3843 1013 3896 gravem
1040 3841 1114 3878 suam
1139 3826 1224 3891 pietas
1242 3829 1272 3872 ut
1289 3821 1323 3872 ile

221 3905 265 3972 qur
285 3891 380 3956 punire
399 3893 485 3945 velint
513 3897 611 3949 iniusta
636 3898 703 3949 baec
731 3916 765 3952 ue
793 3901 847 3951 sint
870 3914 950 3951 causa
974 3897 1124 3966 pravitatis.
1162 3895 1324 3946 “traduntur

221 3963 309 4012 τουτί’
330 3964 402 4029 dicit,
423 3967 522 4018 “etiam
536 3971 573 4035 pii
585 3985 666 4036 saepe
680 3971 799 4022 manibus
813 3971 952 4038 impiorum
966 3985 1019 4021 nou
1033 3983 1085 4037 quo
1103 3968 1129 4018 bi
1148 3967 1323 4018 aestimentur

220 4033 267 4084 sed
287 4049 339 4100 quo
354 4037 395 4088 illi
414 4037 569 4104 probentur.
607 4037 769 4108 inrpii'euirn
789 4051 818 4092 ut
834 4043 1024 4108 scriptumest,
1044 4046 1232 4107 postmortem
1251 4049 1322 4101 poe.

218 4117 268 4155 nas
290 4106 406 4160 solvent.
445 4111 483 4176 pii
503 4122 591 4164 autem
609 4114 637 4165 in
657 4115 713 4166 vita
737 4111 883 4165 illudentur
902 4115 988 4180 quoad
1014 4112 1057 4165 dei
1077 4111 1178 4162 lustitia
1196 4110 1320 4176 patiatur.

219 4176 340 4248 utrisque
359 4189 422 4248 post
439 4183 519 4234 vitani
539 4184 643 4254 amplae
662 4194 691 4237 ut
709 4186 800 4236 dicunt
819 4182 906 4235 cellae
928 4186 956 4235 in
977 4185 1071 4253 quibus
1092 4183 1212 4235 facinora
1229 4185 1322 4230 nostru

217 4254 356 4310 recondita
375 4261 436 4310 suut
460 4259 630 4328 aperientur,
656 4265 683 4312 et
707 4257 804 4324 rerba,
825 4256 962 4324 laciuora,
983 4255 1096 4312 consilia
1125 4241 1273 4326 aepletius
1290 4251 1321 4307 ia
1347 4281 1361 4300 ι
