2880 4910
150 351 361 422 nrsnomsn
382 345 772 418 nmmnnnnrxn.
809 285 998 416 σος-οι.
1059 340 1153 414 σοι

65 536 106 588 τος
132 517 181 578 aei
198 519 315 582 ταδτοῦ
345 514 401 582 καί
424 507 535 596 ἑτέρου
565 515 621 575 καί
642 513 705 575 τῶν
727 506 877 575 τοιούτων
898 513 1059 595 μέμνησαι
1080 509 1137 572 nel

64 614 144 690 ου’τός
163 615 212 691 ὥς
235 619 382 700 α’νωτέρω
401 612 509 701 βραχό
536 614 614 678 aurci
638 611 750 696 χοόραν
770 603 890 701 dedero}
913 609 1136 698 προσήκουσαν
1145 627 1165 682 i.
1182 624 1232 681 1⁷⁵
1242 637 1271 681 v.

63 717 185 800 τεχνικόν
202 720 429 783 αποδόδεικιοιι.

139 817 219 884 Ἀλλ’
253 821 284 882 σι’
302 820 430 901 βούλει,
453 813 631 901 συνήγορος
648 817 724 901 ἡμῖν
746 814 845 882 καίἰῖ
867 822 956 892 θεῖος
972 817 1137 904 κεκλήσθω
1149 840 1203 896 ιι

46 920 227 1000 illectione,
260 917 364 984 πόντα
395 916 553 1003 λέγωντὰ
574 921 738 1003 θεοπρεπῆ
770 916 910 1000 σ’νόματά
931 944 966 983 τι
987 920 1141 1008 καόνοη-

62 1042 130 1095 ματα
148 1018 299 1101 δμοτίμως
327 1019 394 1104 ἔχει
423 1018 503 1104 πρός
525 1011 649 1103 όιλληλα
680 1021 724 1106 τῷ
753 1021 854 1104 μηδὲν
886 1022 974 1106 παρό
1005 1024 1064 1108 τὴν
1085 1029 1142 1090 τοῦ

63 1116 248 1201 ὑποκειμένου
273 1123 447 1208 διαφωνεῖν
469 1126 642 1205 σημασιόιν.
685 1114 746 1185 όσα
766 1119 826 1204 γόρ
852 1114 900 1203 όν,
922 1125 1029 1208 φησίν,
1051 1123 1142 1214 εἴπης

63 1218 104 1282 ἐπὶ
125 1223 201 1284 θεοῦ
222 1219 385 1305 όνόματοι,
416 1220 618 1308 nocopante
646 1245 679 1288 το
707 1220 829 1307 δηλαδή
861 1223 917 1287 καί
943 1223 1140 1311 α’ποφατικό,

63 1315 145 1384 attuvi
166 1322 402 1408 α’παγορευτικό
424 1327 479 1387 καί
503 1319 665 1407 οἷρνητιιιό,
688 1318 709 1388 οἳ
731 1323 770 1405 δι)
794 1322 952 1408 προσόντα
965 1349 1000 1389 το
1022 1331 1078 1391 καί
1095 1325 1141 1411 μή

38 1419 194 1501 tarpeaim
227 1429 351 1507 λέγεται
379 1423 460 1510 πρός
493 1429 557 1489 caio
576 1424 675 1508 όγίων
711 1426 811 1488 ἐνίοτε
844 1425 900 1489 καὶ
933 1429 1088 1510 α’λλαχοῦ,
1108 1425 1142 1492 ἓν

62 1521 101 1583 διό
120 1519 241 1588 πόντων
262 1526 330 1591 ἐστι’
358 1522 394 1590 τό
428 1523 682 1611 σημαινόμενον,
704 1522 761 1589 εἴτ’
795 1525 920 1609 ἀγαθόν
942 1527 998 1592 καὶ
1019 1531 1143 1593 δίκαιον

62 1625 101 1684 καί
119 1617 154 1686 τό
177 1621 263 1690 odron
280 1624 431 1708 λεγόμενα
448 1625 662 1712 καταφατικό,
685 1627 740 1691 εἰτ’
756 1626 919 1693 α’θόνοιτον
936 1632 991 1694 καί
1006 1629 1144 1714 οἷφθαρ-

62 1743 99 1784 ιον
117 1723 167 1788 καί
186 1722 223 1790 τό
260 1720 343 1792 οότω
372 1725 525 1809 λεγόμενα
556 1727 717 1810 οἷρνηιιιιό.
772 1725 825 1792 διό
854 1727 915 1814 γὰρ
951 1723 1145 1815 σ’κει’νων,όι“

62 1833 201 1902 προσεῖναι
224 1830 382 1910 λέγονται,
403 1829 661 1913 ιιοιοιφοίσιιομιν,
683 1828 737 1893 διὰ
755 1831 790 1894 δὲ
806 1829 926 1896 τούτων
946 1827 1146 1915 α’παγορεόο-

36 1923 105 2000 λόγον
122 1920 142 1987 δ
162 1927 206 2010 μὴ
230 1927 411 2012 πρόσεστιν,
433 1929 478 2004 οός
501 1929 598 2004 αότός
620 1931 654 1994 ἐν
676 1937 742 2004 τοῖς
771 1933 847 2014 περὶ
868 1933 947 1996 θεοῦ
967 1933 1146 2013 λεγομένοις

63 2029 139 2105 φησιν
169 2030 306 2109 σ’νόμαυι
329 2031 396 2094 κατ’
420 2032 582 2110 Εδνομιόυ
605 2025 791 2114 φερόμενος.
835 2024 912 2094 ὅθεν
937 2029 954 2093 ό
979 2028 1147 2112 οἶνόνυμος

64 2125 249 2211 πολοιόνυμος
263 2123 339 2213 ἡμῖν
353 2131 530 2212 ἀποροῦσιν
551 2126 779 2210 όνόματοςτοό
800 2131 918 2217 κυρίως
942 2125 1148 2214 ἁρμόττοντος

64 2230 165 2315 γίνεται,
187 2235 353 2306 πλείσταις
374 2235 548 2316 διαφοραῖς
581 2225 743 2312 όνομοίτων
763 2231 976 2314 ἅναιιαλόιμπί
989 2234 1146 2313 βιαζομὲ-
1234 2267 1243 2282 ·

66 2331 181 2416 νθῑιιην
203 2333 280 2417 περὶ
307 2335 477 2404 τοῦθειόυ
501 2327 578 2414 ἡμῖν
606 2333 806 2417 ἐγγινομένην
835 2330 1001 2397 όπόνοιαν.
1046 2322 1214 2414 'oropum

43 2423 111 2508 tort,
125 2431 337 2519 σημαντικόν,
367 2433 385 2510 p‘
409 2437 588 2500 Nvooedorv
616 2432 733 2517 φόσιιτι
754 2433 785 2498 Γ
784 2433 953 2518 ρηγόριος,
980 2429 1034 2518 τῆς
1057 2437 1149 2511 θειόις

70 2521 166 2609 γόοιιος
203 2534 265 2598 cain
282 2534 466 2616 ἐμάθομεν·
521 2533 659 2616 δήλωσιν
690 2537 726 2598 δὲ
756 2538 968 2620 προσηγορίας
999 2529 1150 2622 τοιαότης

64 2625 95 2684 δι’
110 2621 142 2712 ἧς
163 2629 482 2720 ὄμπιριλαμβόνηιαι
510 2635 540 2718 ἦ
561 2627 730 2720 ἔφραστός
752 2659 785 2699 τε
814 2637 869 2699 καί
889 2635 1027 2721 δόρατος
1052 2632 1150 2721 φόσις

63 2717 143 2807 ieie
162 2727 248 2800 εἶναι
269 2734 411 2800 καθόλου
434 2740 560 2824 φαμὲν,
581 2731 604 2820 ἢ
625 2733 750 2812 πάντως
778 2731 855 2820 ἡμῖν
877 2726 1037 2820 ἄγνωστον
1057 2731 1150 2802 εἶναι.

63 3051 113 3093 cere
130 3043 247 3097 divinam
273 3043 347 3096 illam
366 3045 514 3098 orationem
534 3060 594 3098 esse
612 3045 763 3114 putandam.
799 3060 860 3098 nam
878 3046 911 3099 de
931 3061 974 3110 eo,
994 3022 1065 3114 guod
1085 3047 1152 3114 poe-

61 3111 148 3167 sidetur
164 3125 216 3181 et,
253 3118 323 3184 quod
350 3117 484 3184 possidet,
513 3117 546 3168 de
571 3119 663 3170 eodem
691 3126 718 3169 et
746 3115 847 3183 altero,
874 3119 911 3170 de
936 3115 1067 3170 similibus
1093 3117 1154 3184 ipsa

61 3187 209 3310 Ξηὲοἰιηζηιί,
237 3204 306 3257 quae
336 3204 417 3256 supra
444 3188 564 3242 breviter
588 3190 621 3241 ad
650 3188 726 3242 locos
749 3190 895 3258 unicnique
924 3189 1037 3266 idoneos
1059 3187 1154 3270 (λίιρυ.1

120 3341 175 3396 lam
194 3359 272 3410 vero,
290 3348 312 3398 si
329 3346 429 3413 placet,
452 3363 564 3400 concors
577 3347 625 3400 ille
637 3349 784 3402 advocetur
796 3346 829 3400 D.
842 3346 969 3412 Basilius,
988 3346 1034 3416 qui
1046 3345 1155 3400 nomina

64 3419 84 3462 ct
99 3419 223 3468 notiones
237 3419 288 3468 deo
308 3419 403 3487 dignes
424 3419 493 3470 idem
505 3419 599 3472 valere
617 3422 688 3472 inter
700 3436 730 3473 se
749 3435 841 3472 omnes
857 3419 932 3483 dicit,
953 3419 1024 3487 quod
1043 3418 1075 3470 ab
1087 3417 1154 3472 sub-

61 3483 115 3536 iecti
133 3489 333 3556 significatione
351 3505 404 3541 non
424 3491 571 3558 dicrepeut.
609 3507 785 3559 quaecuuque
805 3492 891 3556 enim,
919 3491 1024 3558 inquit,
1049 3490 1083 3542 de
1102 3489 1154 3542 dae

62 3553 151 3610 dixeris
166 3562 275 3610 nomina
293 3562 473 3612 adiudicantia
492 3571 519 3614 et
535 3562 728 3628 adiudicantia,
747 3563 865 3629 positiva
884 3571 910 3614 et
927 3563 1065 3630 negativa,
1085 3575 1155 3628 quae

61 3635 114 3691 apta
140 3637 167 3680 et
187 3645 241 3682 non
272 3640 333 3698 apta
357 3631 488 3685 interdum
519 3635 652 3686 assuetis
681 3635 821 3716 dicuntur,
839 3648 919 3684 unum
942 3641 1048 3699 estper
1066 3633 1155 3683 omnia
1203 3696 1207 3701 Ι

60 3697 242 3766 significatum,
261 3705 320 3754 sive
341 3703 448 3769 bonnm,
466 3705 525 3756 sive
541 3705 648 3769 iustum,
670 3721 738 3773 qnae
757 3705 944 3766 adiudicantia,
963 3704 1023 3756 aive
1043 3703 1154 3754 immor.

62 3768 111 3820 tale
130 3772 192 3823 sive
210 3773 427 3840 incorruptibile,
447 3791 515 3843 qnae
534 3775 715 3828 abiudicantia
733 3776 866 3828 dicuntur.
908 3774 964 3825 illis
983 3775 1063 3838 enim,
1084 3787 1154 3841 quae

59 3841 242 3908 attribuantur,
262 3847 443 3912 exprimimus,
463 3847 504 3898 his
523 3861 592 3914 quae
610 3863 664 3899 non
684 3847 862 3898 attribuuntur
882 3844 1071 3898 abiudicamns.
1099 3846 1154 3896 ita.

59 3923 116 3975 que,
134 3921 164 3964 ut
186 3915 329 3967 Eunomins
347 3917 421 3980 dicit,
440 3919 467 3968 in
485 3917 636 3969 nominihus
656 3918 689 3970 de
711 3918 761 3969 deo
780 3917 859 3968 dictis
877 3918 937 3984 ipse
955 3916 1048 3968 fertur.
1083 3931 1154 3984 quo.

60 3982 126 4032 cirea
144 3985 323 4037 innominatus
350 3986 400 4038 ille
418 3987 508 4040 multis
536 3987 814 4041 anobisnominibns
831 3995 961 4051 vocatur,
991 3987 1092 4056 quippe
1109 3983 1155 4054 qui

59 4056 163 4105 nomine
183 4058 292 4124 proprie
312 4059 457 4126 quadrante
475 4059 641 4126 indigeamus
659 4067 701 4124 et,
719 4068 748 4111 nt
764 4058 886 4126 plurimis
904 4060 1040 4110 nominum
1062 4058 1157 4110 varie-

59 4123 154 4176 tatibus
173 4129 308 4179 notionem
328 4131 371 4181 dei
392 4129 470 4182 nobis
489 4129 593 4182 insitam
611 4131 769 4198 aperiamus,
790 4145 927 4203 cogamur.
965 4144 1065 4181 nomen
1084 4129 1156 4180 enim
1230 4151 1234 4166 ·

60 4191 163 4246 divinae
191 4206 299 4251 naturae
325 4215 492 4270 congruens,
512 4201 657 4270 Gregorius
679 4199 814 4266 Nyssaens
835 4202 892 4265 ait,
922 4215 976 4254 non
995 4199 1155 4252 audivimus.

60 4264 265 4331 explicationem
278 4270 356 4324 lanius
374 4272 576 4340 appellationis,
595 4287 647 4341 qua
670 4272 906 4340 comprehenditur
924 4269 1107 4340 intelligibilis
1128 4274 1169 4320 et·
