2992 4916
302 317 376 398 isit
469 369 474 380 -
612 319 1108 398 bimaritimum.

215 505 221 518 '
302 491 483 568 Κάλλιστος
519 490 710 578 φυγοδικιάς
741 511 776 553 τε
796 489 916 554 ἐκελνον
949 489 1068 554 ἀπόντα
1098 489 1318 570 καταδικάζει,
1337 489 1383 555 καὶ

299 589 354 659 τόν
377 591 546 676 όμοόνυμον
568 591 748 657 Kalliaros
769 590 815 666 εἰς
834 587 889 655 τόν
909 595 966 656 rod
985 591 1119 674 Συμεὼν
1145 591 1263 677 θρόνον
1280 591 1384 675 ἐκπέμ-

233 704 290 756 1⁰
300 717 353 759 πει
369 693 606 778 χειροτονήσας.
649 689 786 778 siremps
817 689 881 777 μὴν
903 691 1022 779 εὐτυχῆ
1049 693 1105 758 καί
1127 700 1260 773 ταχεῖαν
1284 691 1301 757 ό
1322 692 1384 758 ded-

299 819 390 882 τερος
411 787 501 874 οὗτος
520 794 576 880 τὴν
606 791 811 870 tabularius
838 795 993 859 ἐπάνοδον
1022 794 1244 880 ποιησάμενος,
1267 795 1321 858 καί
1339 786 1386 858 υό-

299 904 369 973 τως
394 893 488 961 ὤνιον
520 898 555 961 ἐκ
588 897 645 961 τοῦ
675 892 793 985 ῥᾴστου
825 893 883 981 τὴν
906 897 963 962 τοῦ
989 893 1146 981 προτέρου
1172 893 1403 977 διαθεξάμενοςο

301 995 525 1084 άρχιεράτικὴν
539 995 715 1080 καθέδραν,
736 996 858 1080 άτόμεος
879 997 1002 1060 ἐκεῖθεν
1014 995 1169 1078 ἐκπέμποι
1186 992 1241 1059 τόν
1252 994 1383 1078 Συμεών.

298 1098 354 1163 κατ’
376 1095 411 1175 ic
433 1101 465 1174 ἐς
476 1099 655 1179 Βυζάντιον
674 1095 914 1184 ἐπιδεδημηκώς
935 1097 1061 1183 περιῄει
1077 1095 1197 1173 πάντας
1218 1094 1383 1179 ἐπιβυσάμε-

298 1221 351 1273 νος
370 1198 565 1275 ἐπισκόπους
583 1199 639 1264 κατ’
661 1197 919 1282 πρεσβυτέρους,
952 1196 1009 1282 τὴν
1031 1193 1141 1262 άιλικον
1161 1189 1279 1260 ἑαυτοῦ
1298 1219 1383 1259 κατο-

300 1299 389 1384 όόκην
414 1300 632 1384 ἓντραγωόοῑν,
654 1297 710 1364 κατ’
730 1295 787 1382 τὴν
811 1299 963 1384 προφανῆ
982 1301 1045 1362 τοῖν
1066 1295 1162 1380 ἱερῶν
1180 1296 1321 1360 κανόνων
1339 1293 1384 1358 καί

296 1399 403 1481 νόμων
423 1399 597 1463 κατάλυσιν
619 1399 760 1484 ἐγκαλῶν
776 1400 823 1485 τῷ
846 1399 1028 1483 Καλλίστῳ.
1079 1393 1161 1460 οὕτω
1186 1398 1216 1460 δ’
1239 1397 1382 1460 ἐκπύστου
1391 1411 1417 1464 iu

296 1498 534 1583 γεγονότοςτοῦ
555 1497 744 1584 παρανόμου
766 1500 822 1584 καὶ
845 1497 973 1583 ἀνιέρου
996 1498 1051 1562 καί
1072 1499 1225 1583 μυσαροῦ
1245 1498 1383 1583 πράγμα-

296 1622 358 1676 τος,
382 1597 457 1664 οὐδὲ
475 1601 523 1686 τῷ
542 1603 675 1682 βασιλεῖ
690 1601 858 1685 τετύχηκεν
876 1598 998 1686 άνηκόιρ
1018 1597 1131 1662 τούτου
1153 1597 1304 1684 γενέσθαι
1324 1595 1383 1659 odd’

229 1711 283 1763 11
299 1697 452 1786 ἀφθόγγῳ
474 1700 573 1786 πάντῃ
593 1707 702 1783 μεῖναι
714 1698 769 1783 τὴν
789 1701 939 1784 γλῶτταν,
958 1698 1026 1761 ἀλλ’
1050 1699 1082 1761 ἐν
1102 1697 1246 1779 θαύματι
1266 1693 1300 1760 τό
1321 1693 1383 1759 τόλ-

296 1823 389 1880 μημα
410 1801 580 1883 πεποίηται
602 1800 658 1864 καί
680 1799 784 1874 αὐτός.
837 1799 893 1862 κατ’
917 1797 1180 1882 ἀναλογιζόμενος
1208 1795 1295 1880 ἔλεγε
1314 1790 1385 1878 πρός

296 1893 351 1960 τόν
375 1899 577 1983 ποτριάρχην
596 1897 645 1963 “si
664 1899 723 1981 μὲν
737 1896 858 1983 ἰσχυρά
879 1896 1007 1982 τάπρίν
1024 1892 1107 1983 ἦσαν
1130 1895 1317 1980 ἐγκλήματα,
1339 1889 1418 1959 dedii
1472 1933 1474 1942 ι

296 1997 331 2062 τό
348 1996 489 2082 ἀκηκοώς
509 1999 564 2062 οὖν
587 1999 774 2085 άπεκροόσω
807 1999 887 2064 ἀλλὰ
908 1995 1152 2083 συλλειτουργόν
1179 1993 1384 2078 ἐπεποιήκειςς

298 2098 327 2162 εἰ
352 2098 387 2162 di
407 2096 452 2182 μὴ
475 2099 606 2186 ἰσχυρά,
634 2097 688 2163 διά
701 2101 736 2164 τό
752 2098 942 2184 καθαιρέσει
963 2098 1146 2184 σπευόοόσῃ
1166 2094 1384 2182 ααρὲπεμψας,

297 2197 354 2262 κατ’
374 2200 410 2262 τό
431 2222 466 2283 γε
488 2199 754 2285 παραλογάτοτόν
776 2221 810 2264 τε
832 2200 888 2265 καί
910 2198 1128 2276 α’τοποότατον,
1162 2198 1208 2283 μὴ
1231 2196 1384 2281 παρόντος

297 2297 326 2360 εἰ
347 2297 381 2362 δὲ
405 2298 461 2363 καί
488 2303 665 2387 καθαιρεῖν
680 2296 774 2364 αὐτόν
794 2300 885 2383 ἐνῆν,
921 2297 988 2362 ἄλλ’
1012 2296 1123 2363 αὐτόν
1144 2298 1242 2362 αὐτοῦ
1263 2295 1384 2380 κατάγο-

297 2419 352 2482 ρον
373 2407 567 2483 χειροτονεῖν
599 2401 662 2465 ἀντ’
686 2398 782 2464 αὐτοῦ
804 2405 871 2464 κατ’
894 2397 1005 2463 αὐτοῦ·
1049 2395 1070 2484 ἢ
1093 2401 1189 2484 δῆλον
1213 2396 1258 2474 oia
1279 2399 1419 2470 ἐκεῖνοςοθ

294 2498 354 2580 μὲν
374 2502 430 2582 τῆς
450 2499 657 2585 ἐπισκοπικῆς
680 2502 782 2586 ἀρχῆς
801 2497 936 2586 ἐραστὴς
969 2497 1103 2585 γεγονιός
1129 2500 1318 2584 ζηλοτυπίας
1337 2498 1385 2559 ε’κ-

295 2597 407 2682 γόνους
427 2603 559 2680 ψευδεῖς
580 2600 766 2687 συνέρραψε
800 2600 934 2676 δόλους,
955 2598 995 2665 οὐ
1018 2603 1047 2664 d'
1069 2593 1205 2686 ἐραστὴς
1225 2600 1281 2664 καὶ
1302 2594 1386 2670 αι’πός

297 2698 455 2776 καταστάς
473 2703 535 2765 τῶν
556 2701 676 2767 ἐκείνου
709 2701 885 2788 χρημάτων
917 2700 1112 2785 άάικοοτάτην
1133 2699 1188 2765 καὶ
1208 2700 1296 2784 μάλα
1319 2697 1385 2761 tvo·
1472 2753 1473 2760 ,

297 3031 346 3084 rit.
384 3027 511 3083 Callistus
529 3029 612 3097 igitur
631 3028 707 3081 dubis
726 3019 879 3096 perductus,
898 3027 975 3082 illum
994 3029 1061 3081 iuris
1078 3031 1104 3080 e't
1121 3028 1213 3080 iudicii
1235 3031 1285 3095 pei·
1304 3027 1384 3096 iugem

297 3101 497 3154 detrectationis
521 3101 611 3169 arguit
636 3107 662 3152 et
680 3101 788 3152 nomine
819 3101 869 3152 sibi
895 3109 1036 3170 cognatum
1061 3099 1198 3155 Callistum
1222 3113 1383 3151 succesorem

296 3173 448 3238 designavit
467 3179 494 3223 et
514 3171 541 3221 in
561 3172 702 3237 symeonis
729 3169 851 3223 thronum
871 3173 950 3223 misit.
989 3173 1078 3240 itaque
1107 3168 1156 3223 ille
1176 3170 1323 3222 fortunatus
1342 3185 1384 3220 cc-

294 3243 390 3303 leriier
408 3243 436 3293 in
453 3240 574 3296 Alesiam
593 3257 720 3294 reversus
743 3249 784 3294 cst
809 3251 836 3294 et
859 3244 917 3294 siue
938 3257 1011 3294 more
1043 3241 1223 3309 episcopalem
1242 3239 1383 3293 cathedram

296 3315 435 3382 ingressus
455 3313 613 3379 symeonem
633 3329 691 3364 eum
713 3313 820 3364 inismia
840 3317 871 3365 es
891 3311 980 3365 eiecit.
1024 3314 1047 3364 is
1072 3327 1138 3365 vero
1158 3306 1316 3378 bysantium
1333 3319 1383 3364 sta-

295 3387 342 3437 tim
361 3400 391 3434 se
412 3383 526 3435 contulit
546 3392 572 3434 et
592 3399 683 3436 omncs
701 3383 847 3452 implorans
866 3385 931 3436 adiit
950 3385 1092 3452 episcopos
1112 3387 1138 3434 et
1158 3385 1281 3436 seniores
1301 3391 1326 3435 et
1344 3385 1383 3434 in-

297 3455 390 3506 iuriam
422 3455 463 3506 sul
487 3454 732 3506 condemnationem
766 3455 927 3524 divulgavit.
966 3456 1044 3506 etiam
1066 3455 1222 3506 manifestae
1241 3464 1383 3506 sauctorum

295 3539 425 3576 canonum
446 3531 474 3574 et
492 3523 581 3591 legum
604 3526 753 3578 eversionis
770 3526 909 3580 Callistum
929 3527 1059 3594 coarguit.
1097 3527 1167 3594 quod
1186 3541 1265 3594 quum
1284 3527 1321 3577 ita
1340 3539 1384 3594 pa-

295 3596 347 3648 lam
373 3595 510 3666 vulgatum
539 3604 631 3661 esset,
658 3598 773 3648 iniuriae
798 3605 825 3649 et
854 3597 991 3664 improbae
1021 3604 1048 3648 et
1070 3597 1241 3648 detestandae
1267 3599 1307 3648 rei
1324 3598 1384 3649 lama

296 3668 374 3720 etism
393 3668 425 3718 ad
444 3681 535 3733 regem
558 3669 700 3734 pervenit,
730 3669 775 3736 qui
796 3671 856 3735 ipse
880 3683 951 3720 nuuc
976 3667 1093 3736 linguam
1112 3683 1184 3719 suam
1206 3669 1318 3736 amplius
1336 3682 1383 3720 nou
1469 3713 1470 3726 2

294 3739 381 3790 tenuit
398 3739 445 3790 sed
465 3738 504 3789 rei
522 3741 672 3790 temeritate
690 3751 777 3806 paene
803 3740 1003 3806 obstupefactus
1029 3739 1095 3791 baec
1117 3754 1150 3790 ex
1168 3741 1258 3791 animo
1276 3740 1383 3806 patriar-

295 3809 361 3860 cbae
380 3810 503 3876 scripsit:
532 3811 571 3861 “si
596 3825 661 3862 uera
689 3817 764 3861 eraut
791 3825 859 3878 quae
884 3819 962 3862 autea
996 3809 1182 3862 referebantur
1208 3811 1384 3875 crimina,cur

294 3895 374 3948 quum
392 3882 512 3931 audisses
530 3895 584 3932 nou
603 3880 727 3947 repulisti
747 3892 806 3933 eum
823 3882 869 3933 sed
889 3881 1021 3950 collegam
1039 3889 1112 3933 tuum
1132 3880 1246 3933 iecisti?
1280 3883 1304 3932 si
1325 3893 1382 3932 vcro

294 3950 371 4013 lslss,
392 3965 439 4002 cur
460 3959 510 4001 tam
530 3965 646 4018 propera
667 3951 826 4018 expulsione
844 3951 1008 4004 removisti?
1045 3959 1080 4015 ct,
1101 3952 1383 4019 quodiniustissimum
1468 3955 1469 4006 ἶ

294 4029 344 4084 ost,
363 4033 451 4088 usque
469 4021 526 4073 ullo
545 4024 623 4074 modo
650 4024 773 4074 excusari
792 4031 897 4090 potest,
923 4025 1009 4089 ipsum
1025 4019 1183 4075 absentem?
1227 4023 1292 4091 quin
1313 4023 1383 4076 stiam
1468 4015 1469 4038 ¹

293 4093 316 4146 si
337 4089 438 4143 licebat
457 4106 515 4144 eum
527 4093 675 4160 expellere,
693 4100 781 4145 τουτου
799 4093 876 4146 naias
893 4099 1075 4146 accusatorem
1095 4095 1200 4146 ineius
1218 4091 1308 4146 locum
1327 4109 1383 4146 suc-

295 4175 429 4215 cessorem
450 4178 552 4217 creare.
589 4164 757 4216 mauiiestuiu
777 4181 853 4235 ergo,
871 4165 947 4218 illum
968 4165 1130 4232 episcopalis
1156 4166 1295 4233 diguitatis
1313 4165 1383 4231 cupi-

294 4233 364 4298 dum,
385 4247 418 4285 ex
436 4235 538 4288 luridis
556 4234 727 4290 fraudulenta
745 4236 821 4292 dolos
841 4237 869 4290 ia
888 4251 948 4291 sum
967 4236 1147 4291 commolitum
1167 4247 1237 4290 esse.
1275 4245 1305 4292 tu
1323 4247 1382 4290 sero
