2992 4916
310 333 383 410 516
591 331 836 416 ‘nicaenum
868 346 1099 418 uaueonaa

310 506 407 588 οῦτως
430 507 576 590 ἐχόντων,
600 507 739 595 ἀκριβῶς
760 509 819 594 μὲν
841 509 895 574 οῦκ
916 507 980 591 ἔχω
1003 508 1105 596 λέγειν
1127 506 1183 574 εἴτ’
1204 508 1295 586 αῦτὸς
1312 510 1388 597 πριῦ-

308 637 359 692 τος
379 607 436 694 τὴν
462 612 516 694 τῆς
548 611 772 696 μητροπόλεως
801 613 919 696 ἐκείνης
957 612 1131 694 μετάθεσιν
1159 609 1178 675 ὅ
1208 612 1388 696 Θεάφνοιστος

310 708 436 775 οἴκοθεν
457 719 632 796 πέπραχεν,
656 709 718 775 εἴτε
732 713 944 798 καθεστηκότι
963 714 1019 776 καί
1039 711 1133 790 αὐτὸς
1155 715 1310 800 ἐχρήσατο
1329 713 1389 775 έπε-

309 808 457 896 ληλυδάς
476 810 523 896 τῷ
544 809 729 896 πράμματι·
775 807 879 900 η’ἷκησε
910 816 938 877 δ’
963 808 1017 878 οῦν
1048 810 1134 895 ὅμως
1162 814 1218 877 καί
1240 811 1328 888 αὐτὸς
1348 809 1391 874 ἐπὶ

310 915 365 995 τῆς
387 909 613 996 μητροπόλεως
635 912 689 976 καί
712 915 767 997 τῆς
788 903 1093 1000 ἐπαρχιῦιςέκεινης,
1116 911 1138 998 ἢ
1159 914 1256 1000 μέρος
1275 914 1328 996 τῆς
1344 932 1412 991 pte-5
1471 953 1472 962 ο

310 1013 409 1099 μάλης
428 1012 497 1077 ἐστέ
515 1009 660 1091 Ῥωσιάς,
683 1005 761 1098 ἦςῦ
792 1012 924 1098 εὐσεβὴς
945 1016 1061 1092 ἐκεῖνος
1097 1013 1154 1102 ῥὴξ
1176 1012 1300 1100 ἡγεμών
1319 1011 1393 1096 ἐτάμ-
1471 999 1472 1062 ἶ

310 1137 410 1196 χανεν
433 1110 485 1192 οῦν,
508 1113 563 1178 καί
584 1109 623 1198 ἦν
647 1116 773 1199 ἐπιεικῆ
797 1117 869 1199 βίον
893 1113 978 1203 ἄγων
996 1119 1077 1193 ἐκεῖ,
1107 1117 1163 1180 καὶ
1185 1118 1321 1180 τοιοῦτον
1339 1105 1393 1176 οἷον
1471 1095 1472 1116 ¹

313 1214 396 1294 εἰκάς
417 1215 577 1302 έπισκόπιρ
599 1220 750 1302 θεοφιλεῖ
768 1217 896 1301 διάγειν,
918 1218 1092 1301 μονονουχὶ
1111 1220 1235 1301 βοῶντα
1255 1212 1309 1300 τὴν
1330 1213 1393 1300 άρε-

309 1316 365 1402 τὴν
388 1315 524 1382 adsideo
543 1321 601 1400 τῆς
619 1317 675 1382 τοῦ
695 1320 768 1400 βίου
792 1317 1055 1402 σεμνάτητος,καέ
1075 1319 1253 1402 κοσμοῦντα
1274 1315 1330 1399 μὲν
1347 1311 1394 1397 τὴν

311 1419 475 1502 εὐσέβειαν
493 1419 669 1501 κοσμοῦντα
693 1418 728 1482 δὲ
748 1416 804 1501 τὴν
823 1418 1037 1504 μεγαλάπολιν
1057 1419 1180 1504 ταάτην,
1204 1409 1292 1501 ἒξῆς
1313 1410 1426 1488 αῦτόςιο

310 1519 373 1606 ἔφυ
395 1542 429 1582 τε
453 1518 509 1582 κατ’
528 1517 716 1604 τέθραπται,
740 1519 795 1584 καί
814 1516 835 1603 ἢ
852 1521 961 1583 τοῦτον
982 1521 1085 1584 ἐκεῖσε
1104 1523 1306 1604 πεπομφέναι
1325 1539 1392 1601 προ-

242 1642 296 1694 81
309 1621 417 1686 ειῦετο.
461 1615 504 1694 ὥς
524 1620 586 1682 καί·
599 1615 660 1682 ini
682 1621 739 1702 τῆς
757 1617 903 1704 τοιαύτης
933 1621 989 1685 τοῦ
1012 1617 1126 1705 ἀνδρὸς
1148 1618 1262 1704 ἀρετῆς
1284 1615 1392 1700 αῦθάρ-

307 1745 403 1806 μητοι
424 1719 537 1795 πάντες
557 1723 614 1783 τοῦ
637 1717 750 1796 ἔθνους
771 1720 890 1789 ἐκείνου
916 1716 1029 1806 ἄνδρες
1053 1743 1088 1784 τε
1113 1718 1169 1783 καί
1185 1725 1328 1803 γυναῖκες
1348 1715 1393 1780 καί

308 1819 449 1886 νέοικαί
470 1813 614 1904 φέροντεςΙ
648 1806 728 1904 πρὸςΙ
754 1817 809 1884 τόν
839 1822 896 1884 τοῦ
917 1821 1016 1884 καλοῦ
1035 1821 1128 1904 ζῆλον
1149 1816 1328 1904 η’φεέροντο,
1347 1815 1393 1880 καί

310 1919 404 1984 πλέον
427 1918 530 1984 adrev
552 1917 581 1983 οἱ
611 1911 994 2004 τοῦτων.ἤγεμάνες,’έξ
1018 1911 1061 1984 ὧν
1092 1919 1146 1984 καὶ
1175 1921 1207 1996 ἐς
1230 1919 1425 2000 Βυζάντιονιι

239 2088 242 2092 ,
306 2021 458 2106 χρήματα
491 2019 714 2105 ἀπεστάλησαν
748 2020 937 2107 ἀποχρῶντα
964 2018 1044 2106 πρὸς
1072 2022 1257 2103 οἰκοδομοῦν
1275 2022 1329 2084 τοῦ
1345 2037 1392 2082 πε-

310 2122 468 2198 πτωκότος
489 2123 659 2205 τηνικαῦτα
681 2121 802 2206 μέρους
819 2122 875 2184 τοῦ
897 2122 1050 2206 μεγίστου
1079 2118 1140 2186 νεά
1158 2123 1217 2210 τῆς
1239 2117 1330 2204 άμέας
1347 2118 1393 2182 τοῦ

310 2225 388 2286 θεοῦ
410 2221 540 2308 σοφίας·
584 2221 660 2306 περὶ
689 2213 732 2286 ὧν
756 2222 815 2286 κάν
842 2224 890 2309 τῷ
921 2222 1042 2306 κη’,τῆς
1066 2221 1207 2306 ἱστορίας
1223 2207 1305 2306 ’λόγῳ
1327 2217 1392 2283 διιέ-
1430 2300 1439 2306 .

309 2323 430 2407 ληπταέ
444 2307 501 2404 μοι
523 2322 563 2385 τά
587 2345 621 2387 τε
641 2317 731 2399 dila,
752 2323 808 2388 καί
831 2320 874 2400 ιῦς
895 2323 1072 2405 καλιῦςμέν
1094 2323 1217 2386 ἐκεῖθεν
1238 2319 1393 2404 ἐπέμφθη·

311 2446 380 2499 σαν,
404 2420 440 2486 οῦ
462 2424 568 2497 καλῶς
591 2424 620 2485 δ’
644 2416 707 2487 οῦτ)
729 2425 883 2488 ἐνταυθοῖ
906 2423 1110 2509 διῳκήθησαν
1136 2416 1199 2484 οὔτ’
1232 2422 1330 2484 ἐκεῖσε
1348 2411 1426 2500 priapo

312 2522 420 2608 φήμην
444 2521 535 2600 ἄξιἀν
556 2529 621 2598 τοῖς
644 2523 849 2610 πεπομφόσιν
872 2521 1168 2610 άντιπεπόμφοισιν,
1202 2519 1270 2584 ἀλλ’
1293 2521 1336 2595 εἰς
1355 2518 1394 2580 οῖ-

310 2627 394 2685 κεῖον
417 2615 517 2707 άχαρι
539 2620 652 2706 κέρδος
671 2621 955 2706 βωμολοχὴσαντες
988 2621 1044 2686 καί
1060 2620 1253 2705 νειμάμενοι,
1277 2617 1393 2706 πρόφα-

182 2721 544 2793 insomnietatem
572 2728 638 2798 τοῖς
672 2721 841 2787 άκοάουσιν
877 2721 1018 2808 αἰσχράν
1044 2721 1162 2807 κομιδῇ
1192 2722 1249 2786 καί
1278 2720 1393 2806 σφόδρα

264 2832 268 2841 “
308 2824 471 2910 λοιδορίας
495 2822 622 2902 ἁπάσας
649 2825 947 2911 προσκαλουμένην,
973 2821 1029 2889 καὶ
1049 2820 1200 2904 τάναντάι
1222 2819 1395 2908 λογίζεσθαι

280 3137 284 3146 “
309 3137 378 3196 quae
406 3139 485 3194 quom
511 3125 550 3176 ita
574 3132 654 3190 eunt,
673 3137 727 3176 non
752 3137 861 3192 porrum
886 3136 935 3192 pro
963 3129 1037 3176 nerto
1061 3122 1172 3186 dicere,
1192 3128 1280 3173 utrum
1307 3117 1394 3186 primm

308 3198 481 3250 mutationem
510 3195 585 3249 illiue
612 3195 797 3263 metropoleon
822 3196 942 3248 elieeerit
965 3197 1024 3263 ipae
1048 3193 1250 3262 Theognoatua,
1275 3205 1308 3242 an
1326 3189 1394 3242 rebor

308 3270 360 3320 iam
381 3269 532 3321 constitutis
550 3283 614 3320 uana
634 3268 677 3319 ait.
715 3275 831 3319 attamen
856 3267 961 3334 ipsein
985 3265 1128 3333 metropoli
1147 3263 1278 3315 habitabit
1298 3269 1323 3313 et
1339 3273 1394 3329 pro,

308 3341 398 3391 vincia
417 3339 475 3404 llla,
499 3353 567 3406 quae
591 3353 703 3406 maguae
722 3337 835 3391 Rubriae
861 3352 921 3404 para
947 3345 1005 3402 eat,
1030 3339 1105 3390 cuius
1133 3336 1193 3402 piue
1214 3333 1264 3386 ille
1281 3348 1329 3384 rex
1348 3335 1395 3382 erat

307 3411 466 3462 dominator.
505 3416 533 3460 et
552 3410 646 3460 inatam
669 3410 750 3460 vitam
779 3409 834 3475 egit
859 3417 886 3460 et
905 3408 1011 3476 qualem
1033 3409 1134 3476 degere
1158 3406 1230 3473 pium
1252 3405 1394 3470 episcopum

307 3481 394 3531 decet.
416 3477 588 3547 praedicabat
607 3480 851 3532 virtutemaanctae
870 3480 943 3532 vitae
963 3487 990 3531 et
1009 3480 1116 3531 ornavit
1133 3477 1305 3544 religionem,
1324 3487 1395 3526 oma-

294 3551 347 3602 .vit
364 3550 433 3601 haue
450 3549 658 3617 Megalopolim,
683 3565 735 3618 qua
761 3559 834 3602 ortua
864 3558 922 3602 erat
941 3557 968 3601 et
983 3551 1109 3603 educatur
1133 3556 1161 3600 et
1184 3562 1254 3615 quae
1272 3545 1326 3597 buo
1345 3557 1395 3595 eum

305 3621 424 3673 miserat.
462 3622 552 3689 itaque
573 3638 588 3673 a
613 3621 675 3673 talia
694 3623 753 3674 viro
772 3623 879 3674 virtutis
906 3628 1002 3688 aponte
1031 3627 1122 3674 omnes
1149 3619 1222 3670 illius
1241 3615 1334 3684 populi
1351 3613 1396 3666 riri

307 3700 335 3745 el
352 3692 490 3758 mulieres,
508 3695 622 3746 iuvenes
643 3700 669 3745 et
683 3707 763 3745 aenea
784 3694 816 3746 ad
835 3691 941 3758 pulchri
972 3693 1086 3744 eludium
1105 3688 1286 3742 incitabantur
1306 3695 1333 3740 et
1348 3685 1396 3737 illia

305 3765 390 3832 magia
404 3768 501 3829 duces,
521 3765 566 3832 qul
585 3763 744 3831 Byzantium
772 3763 928 3830 permultam
956 3764 1127 3830 pecuniarum
1156 3762 1261 3827 copiam
1280 3759 1397 3811 miserant

307 3835 340 3886 ad
357 3835 555 3888 restaurandam
574 3836 719 3902 eollapaam
749 3843 848 3901 portem
868 3837 952 3888 nancti
981 3835 1088 3886 divinae
1112 3831 1230 3901 Sophiae
1249 3828 1351 3896 templi,
1368 3827 1396 3878 de

257 3947 260 3960 ,
306 3903 402 3972 quibua
422 3907 450 3957 in
470 3906 598 3959 historiae
619 3906 688 3957 libro
707 3904 814 3958 XXlllll
839 3905 892 3957 dixi
913 3913 1054 3972 praeterea
1082 3903 1230 3956 honorilice
1259 3899 1324 3952 illoa
1352 3898 1396 3950 rni-

226 4037 232 4045 Ι
305 3977 384 4040 aiere,
403 3977 450 4028 aed
469 3992 523 4028 non
546 3977 693 4028 honorilice
714 3975 821 4039 ibidem,
841 3991 910 4044 quae
932 3978 1012 4029 mieaa
1032 3983 1116 4042 erant,
1135 3973 1318 4027 administrata
1336 3983 1396 4030 esee,

303 4061 356 4098 nee
376 4048 445 4099 enim
466 4048 559 4099 iustum
577 4049 672 4100 lamam
699 4047 864 4098 mittentibus
888 4048 1064 4112 remiserunt,
1092 4047 1138 4099 aed
1158 4043 1306 4099 domeatico
1329 4055 1397 4094 cotu-

293 4113 588 4171 .modo*aaerifieantea
620 4126 646 4170 et
665 4117 840 4171 attribuentes
868 4125 895 4170 et
919 4118 1087 4170 audientibus
1113 4116 1219 4168 omnino
1248 4121 1352 4180 turpem
1375 4117 1397 4160 et

303 4189 509 4258 ignominiosam
529 4204 635 4242 caueam
652 4187 808 4240 obtulerunt
830 4197 857 4240 et
876 4191 1009 4242 contraria
1023 4189 1143 4258 cogitare
1163 4201 1210 4238 eoa
1230 4198 1310 4254 quam
1328 4189 1397 4235 antea

304 4268 460 4332 coegerunt.
499 4275 551 4333 quo
572 4261 642 4314 enim
661 4259 821 4315 diviniorem
842 4267 921 4314 antea
939 4260 1068 4315 honorem
1088 4254 1395 4329 coartantinopolitanae
