2926 4906
212 388 434 460 nssroamn
457 371 1074 470 nmmuunxxxuuto--tb
1133 378 1228 488 iot„
1262 478 1274 488 ⁴

118 555 182 639 φολν
201 555 339 642 Μωυσῇ
359 531 500 642 pariles
520 557 576 624 καί
600 557 743 635 Manet,
772 558 828 624 καί
858 551 905 635 ολς
923 551 1041 645 ἑτέροις
1062 557 1208 645 ὀφθῆναι

122 657 321 736 συμβολικῶς
341 681 374 721 τε
399 659 455 722 καί
474 661 617 734 τυπικυῖς
639 657 782 744 λέγεται,
820 658 856 724 orl
875 657 938 744 μὴν
958 659 1104 744 θεότητα.
1147 653 1227 742 dap-⁸

113 755 305 840 μοσιολιερον
333 755 396 841 γὰρ
429 757 484 822 καί
503 757 607 824 κοινὰν
639 758 674 823 τὸ
699 761 756 824 τοῦ
785 762 863 824 θεοῦ
884 756 1000 843 ὄνομα·
1053 759 1125 824 θεοί
1144 757 1207 844 γὰρ

113 853 248 919 καὶτῶν
270 855 450 942 ἀνθρώπων
474 856 502 922 οἱ
525 857 641 923 δίκαιοι
665 857 828 944 λέγονται,
851 861 997 944 θεότητες
1018 853 1114 942 δἠοὕ.
1155 881 1207 922 τε-

91 956 241 1040 ςτήρηται
259 957 323 1044 γὰρ
343 957 379 1023 τὸ
402 965 548 1025 πλεῖστον
570 961 670 1026 εἰπεῖν
690 965 731 1048 τῇ
752 963 826 1050 θείᾳ
847 965 937 1026 rorico
955 964 1070 1048 γραφῇ
1087 959 1133 1045 μη
1155 958 1206 1024 λέ·

112 1077 174 1137 γειν
194 1061 415 1142 πληθυντικῶς
444 1060 615 1146 θεότηταςς
648 1060 729 1126 ἀλλά
753 1061 832 1145 μιάν
852 1057 996 1126 ἀκτιστον
1022 1061 1078 1125 καί
1094 1083 1207 1145 τρισυ-

114 1155 273 1236 πόστατον,
297 1161 444 1246 καθάπερ
467 1163 523 1227 καί
544 1164 651 1248 φύσιν.
693 1164 749 1228 καί
770 1159 851 1228 οὗτοι
875 1164 964 1228 τουτί
983 1160 1156 1244 τετήρηταί
1172 1181 1272 1234 rm

112 1255 163 1320 καί
184 1255 235 1322 ἀεί
255 1264 322 1336 τοῖς
347 1258 492 1344 εὐσεβέσι
512 1271 673 1349 τηρεῖται,
707 1260 787 1328 olore
817 1262 872 1327 καί
890 1260 966 1326 θεὸν
987 1261 1046 1344 μὲν
1066 1261 1101 1324 ἐκ
1120 1284 1205 1344 παρ-

99 1354 202 1420 εθένοο
226 1358 309 1443 φησί
329 1363 538 1444 γεννηθῆναι,
570 1363 705 1445 θεότητα
736 1364 765 1425 δ’
789 1361 1064 1447 ἀπροσδιορίστιος
1091 1357 1205 1444 ἥκιστα

79 1456 247 1524 ἱοπάντοον·
303 1456 324 1544 ἦ
351 1459 490 1548 μὲνγὰρ
520 1464 632 1548 θεότης
653 1465 686 1527 ἒν
707 1462 811 1548 τρισίν
839 1459 1032 1526 ἀποστάσεσι
1054 1457 1205 1544 λεγομένη

111 1565 231 1637 νοεῖται,
250 1558 272 1644 ἦ
299 1561 335 1625 δὲ
356 1561 517 1647 παρθένος
537 1564 616 1645 μιάν
639 1561 695 1648 τὴν
721 1565 778 1628 τοῦ
799 1562 893 1648 λόγου
923 1561 1103 1647 γεγέννηκεν
1124 1555 1204 1624 ἀπό-

111 1681 226 1722 στασιν.
271 1657 354 1725 silure
373 1659 523 1726 σκεπτέον
547 1664 595 1738 εἰς
617 1662 718 1747 πόσην
742 1661 875 1726 ἀτοπίαν
896 1662 928 1738 ἔξ
956 1660 1101 1744 ἀμαθίας
1123 1656 1205 1744 6μοῦ

111 1759 161 1826 καί
192 1759 327 1846 οἰήσεως
345 1760 407 1825 ’τὸν
438 1755 606 1846 Παλυμοῖν
637 1763 861 1828 ἀκκικυλίσθαι
883 1757 1128 1843 συμπέπτωκεν,
1160 1756 1205 1834 ὥς

110 1864 230 1938 πολλοῖς
259 1861 322 1944 μὲν
350 1850 512 1946 λατρεύειν
543 1867 645 1940 θεοῖς,
680 1862 892 1943 αἰσχύνεσθαι
923 1863 951 1924 δ’
975 1853 1030 1925 οὖν
1052 1862 1205 1937 ἑκλαλεῖν,

79 1961 254 2046 15θεότητας
281 1964 312 2026 d’
345 1961 511 2058 ἀπειράκις
536 1963 689 2048 ἀπείρους
718 1963 812 2029 αὐτόν
833 1985 867 2027 τε
897 1961 1003 2044 σέβειν
1023 1961 1078 2024 καί
1099 1955 1206 2034 ἀλλοις

112 2063 371 2146 παραινεῖν,καί
399 2060 486 2138 ὅσοις
509 2059 547 2127 ἀν
567 2067 676 2149 χρῷτο
703 2063 748 2149 μὴ
776 2061 994 2145 πειθομένοις,
1028 2059 1205 2143 ἀποκηρύτ-

113 2181 172 2238 τειν,
194 2163 365 2227 καὶτοῦτο
389 2165 416 2226 δ’
448 2160 491 2238 αἱς
509 2166 597 2246 μάλα
628 2163 813 2249 ἀνέγκλητον
843 2164 877 2226 ἐν
910 2161 1083 2246 ὑπαίθροις
1114 2159 1204 2222 ἀναι-

116 2261 165 2336 δοῖς
186 2265 335 2327 ε’κλαλεῖν
356 2264 412 2327 καί
433 2264 570 2350 δημοσίᾳ
590 2265 882 2349 παρρησιάζεσθαι.

166 2359 184 2422 ,’
201 2365 243 2429 Εἰ
275 2364 337 2446 μὲν
358 2358 414 2428 οὖν
436 2363 516 2450 πρὸς
548 2363 673 2448 ἀπάσης
700 2367 829 2450 γραφῆς
856 2361 1061 2448 ἐλεγχόμενος
1089 2359 1333 2446 decoramina.

80 2473 103 2527 lb
111 2464 246 2529 συνιέναι
270 2466 422 2542 δύναιτο,
458 2465 602 2551 οἰκτείρω
621 2467 677 2549 τῆς
700 2464 851 2541 ἀπονοίας
871 2461 925 2528 τὸν
944 2459 1131 2550 ἀνθρωπον·
1175 2465 1271 2532 εἰσί

111 2561 141 2624 δὲ
159 2564 290 2649 συνίησι
313 2564 381 2646 μέν,
402 2564 582 2642 κενοδοξίας
605 2567 635 2629 δ’
658 2564 762 2628 εἵνεκα
782 2564 922 2647 ματαίας
943 2562 1202 2648 αάτοχειροτόνη-

108 2683 155 2723 εον
174 2656 285 2750 {corifi
304 2663 361 2747 τήν
391 2665 610 2747 κακοδαίμονα
641 2665 698 2728 τοῦ
719 2666 819 2728 κακοῦ
847 2663 1039 2749 προεδρείαν
1061 2663 1202 2747 κατεψή-

110 2783 236 2846 φισται,
265 2763 370 2849 πάσης
401 2749 511 2843 {tegor
544 2757 639 2841 αὖθις
662 2764 743 2850 ἀρᾶς
770 2761 910 2850 ἡγοῦμαι
942 2762 997 2848 τὴν
1018 2764 1202 2846 ἐμπληξίαν,

107 3057 152 3109 per
166 3045 317 3113 symbolum
342 3045 473 3114 quoddam
500 3053 527 3096 ct
544 3046 687 3115 imaginem
708 3045 823 3110 dicitur,
851 3059 905 3097 non
926 3044 1032 3112 quidem
1059 3043 1201 3108 deitatem

106 3117 185 3184 magis
205 3118 276 3170 enim
298 3116 411 3185 vulgare
431 3123 458 3167 et
476 3116 606 3183 populare
624 3130 720 3168 nornen
733 3116 792 3178 dei3
810 3116 853 3167 dei
874 3115 943 3166 enim
963 3115 1042 3166 etiam
1058 3113 1130 3166 inter
1148 3114 1201 3165 bo.

106 3186 186 3238 mines
203 3187 269 3240 insti
289 3195 428 3252 vocantur,
447 3202 501 3238 non
522 3202 588 3239 vero
607 3187 730 3240 deitates.
753 3187 878 3238 usitatum
895 3186 964 3237 enirn
985 3184 1144 3252 plerumque
1162 3191 1202 3237 est

106 3255 131 3305 in
151 3273 226 3311 sacra
244 3259 376 3325 scriptura
394 3272 447 3310 non
477 3258 568 3310 dicere
592 3257 690 3326 plurali
707 3271 818 3308 numero
836 3257 967 3320 deitates,
991 3255 1135 3308 sedunam
1156 3256 1201 3307 in.

107 3336 216 3381 croatam
238 3338 317 3381 etex
335 3329 419 3381 tribus
443 3329 566 3396 personis
592 3335 756 3380 constantem
775 3335 898 3396 tauquam
920 3335 1058 3390 naturam,
1079 3325 1148 3395 quod
1164 3328 1202 3378 ita

106 3398 223 3450 usitatam
244 3407 272 3452 et
290 3400 341 3450 init
360 3407 387 3451 et
405 3414 510 3466 semper
537 3399 659 3451 lidelibns
681 3407 731 3450 est.
774 3400 811 3450 ita
834 3406 863 3449 nt
893 3399 972 3449 etiam
992 3398 1069 3450 deum
1090 3412 1123 3448 ex
1142 3398 1202 3448 vir.

107 3468 166 3533 gine
183 3479 273 3522 natum
295 3484 356 3521 esse
373 3470 453 3532 dicat,
471 3471 597 3522 deitatem
616 3478 703 3522 autem
722 3470 830 3520 minime
841 3470 989 3521 indefinite.
1027 3468 1112 3520 deitas
1131 3469 1202 3520 enim

106 3537 131 3586 in
148 3540 232 3592 tribus
248 3543 372 3608 personis
389 3542 523 3594 nominata
544 3542 691 3609 cogitaturr
709 3541 787 3608 virgo
814 3555 890 3591 anam
911 3539 987 3591 verbi
1012 3539 1118 3606 peperit
1136 3553 1201 3606 per.

107 3622 202 3662 sunam.
239 3612 311 3663 unde
341 3611 459 3678 intelligi
483 3610 549 3662 licet
574 3613 601 3663 in
627 3625 700 3681 quas,
718 3611 832 3677 ineptiae
856 3610 997 3662 inscientia
1016 3624 1063 3661 sna
1095 3616 1122 3661 ct
1139 3609 1202 3677 opi.

106 3678 184 3732 aione
202 3681 368 3736 aberraverit
387 3681 516 3734 Palamas.
553 3682 645 3748 plnres
663 3683 787 3734 venerari
806 3696 836 3732 se
854 3683 919 3733 deos
938 3679 1113 3732 erubescebat
1132 3695 1201 3731 con.

106 3747 182 3812 litori,
203 3753 317 3804 deitates
345 3762 433 3804 autern
461 3753 520 3818 ipae
540 3751 717 3804 venerabatur
745 3759 772 3801 et
789 3751 857 3802 alios
884 3751 1089 3814 adhortabatur,
1108 3758 1135 3803 ct
1155 3752 1201 3818 qni

106 3831 156 3870 uon
175 3822 354 3890 aequabantur
375 3822 543 3874 excludebat.
581 3831 609 3874 et
630 3823 681 3873 hoc
699 3829 822 3890 tauquam
841 3836 896 3872 non
913 3821 1045 3872 nefarium
1062 3821 1200 3888 propalam

106 3887 269 3956 impudenter
288 3893 425 3960 professus
446 3900 487 3944 est
512 3901 539 3943 ct
564 3891 781 3960 apnd¹populum
800 3891 886 3943 libero
906 3893 1025 3958 protulit.

203 3987 231 4039 Si
254 3989 407 4058 igitnrtota
424 3987 556 4054 scriptura
575 4004 604 4040 sa
624 3996 778 4056 coargutum
804 3988 910 4039 minime
930 3985 1085 4060 intelligere
1101 3997 1200 4058 potest,

108 4053 212 4107 miseret
237 4075 279 4110 me
299 4060 350 4110 viri
371 4059 574 4126 imprudentiae.
620 4059 662 4109 ain
688 4073 754 4109 vcro
774 4057 919 4127 intelligit,
938 4074 1031 4111 vanum
1057 4070 1144 4112 nutem
1166 4061 1200 4112 ob

108 4122 216 4185 gloriam
240 4131 298 4196 ipsc
329 4131 380 4180 sibi
409 4129 553 4196 malignum
578 4129 751 4198 malignitatis
770 4131 945 4195 petrociniunr
967 4133 1064 4194 sumit,
1083 4133 1110 4183 id
1129 4133 1200 4183 onrni

108 4191 210 4260 dignum
234 4199 436 4264 obsecratione,
462 4201 592 4252 insaniam
616 4200 704 4262 duco;
736 4200 806 4266 quod
835 4199 928 4252 morbo
953 4200 1069 4253 inflictus
1091 4203 1199 4252 omnino

108 4267 219 4321 remedia
243 4285 296 4323 non
319 4269 466 4354 desiderat,
485 4273 532 4324 scd
551 4270 631 4340 plane
656 4270 779 4356 consulto
798 4272 953 4324 medicinam
977 4271 1068 4324 reiicit
1086 4280 1113 4324 ct
1130 4287 1199 4326 con.

166 4497 182 4552 λ
