2880 4910
145 362 1023 507 piscosus-nazarenumnantia—tto.
1085 367 1161 450 stu

91 548 132 609 καί
151 543 298 628 κ’πορροόξ
322 525 457 626 ἐριτόίου
491 544 590 629 φόνοι
618 541 689 625 την,
708 543 834 627 γνώμην
867 548 1051 609 καθίστατο.
1106 541 1251 609 dudm

90 641 144 710 οότε
163 647 295 722 ἐκείνους
316 645 451 722 oldoinus
483 643 623 731 ἔφασκον
650 638 738 723 όξιον
767 647 873 725 μένειν
902 648 956 729 τῆς
979 648 1158 730 καταδίκης,

88 749 187 820 αἰτίους
205 749 262 826 μὲν
284 747 371 834 stirpi
390 749 445 829 τῆς
469 750 501 823 ἐς
523 743 577 809 τόν
598 750 669 827 dior
686 749 873 826 γενομὲνους
894 749 1083 831 παραγωγῆς
1105 749 1160 812 αί-
1260 771 1264 786 *

87 850 205 920 ιίουςδέ
225 849 280 911 τοῦ
303 849 359 931 τῆς
381 849 543 930 ἐκκλησίας
574 850 614 911 δι’
637 842 732 912 αότόν
763 851 938 930 χειμοόνος,
974 843 1037 914 οὔτ’
1060 847 1160 915 ου’τόν

67 947 163 1011 donidio
195 950 404 1030 ἐξαιρεῖσθαι·
435 952 490 1030 τῆς
517 949 708 1033 καταδίκης,
743 943 962 1030 μεσιτεόοντος
991 949 1068 1026 ἴσως
1102 949 1161 1016 τοῦ

86 1047 241 1132 όόουληεου
263 1046 316 1112 διό
340 1048 396 1125 τός
411 1046 624 1133 σπερματικὰς
647 1054 681 1114 ἐκ
696 1053 845 1132 γενέσεως
860 1049 965 1132 α’ρ-χός
979 1052 1033 1115 καί
1050 1052 1160 1133 βιαίας

85 1145 215 1225 δονόμεις
236 1152 291 1232 τῆς
313 1152 466 1232 πατρικῆς
488 1153 655 1235 πονηρίας,
687 1151 834 1228 ζιζανίων
864 1151 953 1234 δίκην
996 1153 1160 1232 ἐρανιθεί-

13 1293 14 1302 τ
84 1269 128 1317 σας
147 1249 263 1312 ἐκεῖθεν
284 1249 340 1312 καί
365 1253 679 1333 προκαταβληδτίοας
712 1248 813 1323 εόόός
846 1251 905 1334 ἐφ’
935 1243 1041 1323 ἑστίας
1066 1253 1099 1314 ἐν
1120 1251 1160 1337 τῇ

13 1353 14 1358 ’
84 1343 222 1417 σσστόσει.
275 1349 347 1412 ἀλλ’
366 1344 528 1432 ἑκατέροις
558 1345 704 1432 ἓκότεροι
724 1353 786 1413 ταῖν
808 1350 896 1431 olonis
918 1350 974 1413 καί
993 1350 1161 1430 λοιδοριῶν

55 1445 293 1530 ίλκοινωνησουσί
309 1474 362 1532 τε,
395 1450 449 1514 καί
473 1433 614 1539 όστρόκρι
645 1449 829 1514 δουλεύσειν
857 1449 1058 1535 α’μφοτέρους
1079 1442 1162 1528 όμοό
1172 1458 1191 1511 i.
1209 1456 1293 1515 15⁵1.

82 1551 117 1631 cpi
135 1549 217 1638 crispi
240 1561 472 1630 συμπεσεῖται,
492 1561 556 1628 τοῖς
578 1554 638 1631 μὲν
662 1551 705 1624 τός
734 1549 868 1634 πονηρόν
893 1553 1088 1633 ἐξενεγκοόοι
1111 1553 1164 1614 καί

81 1648 203 1727 θρέψασι
229 1647 319 1715 τόκον
339 1653 381 1738 τῷ
402 1653 483 1740 strip,
505 1653 558 1714 καί
579 1653 635 1715 oris
672 1654 717 1728 εἰς
743 1654 936 1734 Κιθαιρῶνα
968 1649 1164 1732 καί“Χόρυ-
1232 1663 1238 1670 “

80 1747 148 1829 βδιν,
166 1749 219 1815 καί
229 1745 333 1815 εἰίιοό
348 1775 397 1828 τις
416 1751 451 1836 ἐκ
464 1756 608 1838 μηχανῆς
632 1750 810 1835 καινότερος
826 1748 1006 1833 ἐταμιεόετο
1028 1750 1164 1828 θάνατος

81 1846 107 1909 ἐν
121 1851 300 1936 χαράδραις
329 1856 383 1918 καί
406 1855 525 1934 κόμασι
557 1855 614 1937 γῆς
640 1853 696 1918 καί
715 1853 887 1939 θαλάττης,
910 1852 1047 1934 ῥίψασιν
1069 1851 1163 1918 ἔκδε-

51 1958 129 2032 bron,
149 1949 252 2027 εόθός
271 1950 402 2037 ἐκραγὲν
416 1957 470 2037 τῆς
486 1954 609 2018 ότόπου
623 1951 770 2038 γαστρός,
791 1958 835 2044 τῷ
858 1957 893 2018 δὲ
908 1952 950 2028 ὥς
966 1951 1040 2038 μήτ’
1061 1956 1163 2037 α’βοό-

82 2055 156 2134 λητον
178 2050 235 2137 τη“ν
258 2056 386 2119 ἐκείνων
407 2060 608 2144 ποιησαμένῳ
631 2060 752 2136 κακίαν,
776 2050 832 2119 ὅτε
854 2053 949 2137 λόγου
969 2056 1161 2138 μετασχόντι

9 2159 11 2194 ¹
78 2153 122 2214 καί
137 2156 281 2232 παιδείας
305 2155 475 2238 ὁπωσοῦν,
506 2148 542 2240 ἧς
561 2165 705 2237 μετεῖναι
725 2159 959 2240 τσῖςίγυνεόσιν
982 2157 1022 2218 ου’
1035 2160 1162 2236 συμπί-

78 2276 176 2336 πτωκε,
195 2254 274 2340 μήτε
287 2260 388 2343 μηδὲν
404 2261 632 2340 ἐπιεικέστερον
646 2257 773 2336 οόδενός
788 2261 975 2336 διατεθέντι,
999 2254 1032 2321 εἴ
1039 2281 1086 2333 τις
1098 2284 1163 2323 πα-

77 2356 244 2438 ραπλησίως
268 2355 400 2434 ἐκείνοις
423 2356 535 2440 ἐνόσει,
552 2362 634 2445 μηδὲ
657 2361 748 2448 κωφῇ
777 2364 852 2443 γοῦν
877 2361 983 2446 σιωπῇ
1002 2357 1036 2423 τό
1061 2358 1158 2424 κακόν

46 2453 272 2535 λλπεριθόλπειν
294 2463 528 2547 βεβουλημένιρ,
554 2459 636 2526 citit
654 2466 755 2548 πολλῷ
773 2464 816 2550 τῷ
833 2460 940 2548 μέτρῳ
961 2464 1161 2544 μοχθηροτέ-
1199 2513 1201 2516 .

79 2577 134 2635 ραις
154 2555 194 2641 δη
229 2558 383 2624 τισιτιιαί
412 2559 539 2647 σφόδρα
562 2561 707 2628 α’ναιδέσι
738 2568 899 2646 λογισμοῖς
919 2559 1160 2644 παραδεδωκότι

76 2650 124 2735 τὴν
141 2659 195 2740 τῆς
221 2655 351 2744 γνιόμης
381 2660 561 2744 ἡγεμονίαν.
614 2666 669 2726 καί
694 2670 802 2736 κακοῖς
836 2659 916 2724 κακό
947 2663 1254 2746 παραμίξαντιιιῠ

76 2743 130 2840 ἤδη
150 2758 204 2823 καί
233 2757 376 2844 δόγματα
408 2771 542 2846 μακροῖς
575 2766 641 2827 τισί
661 2760 852 2848 διαστήμασι
877 2759 933 2846 τήν
955 2784 989 2826 τε
1012 2760 1161 2850 πατρῴαν

76 3087 240 3141 constitueret
275 3098 407 3155 mentem,
441 3097 471 3141 nt
498 3090 633 3142 diceretur
657 3089 784 3142 furiarum
816 3104 946 3158 propago.
990 3087 1160 3156 quamobrem

76 3159 269 3223 contendebant,
289 3176 377 3230 neque
395 3161 459 3214 illos
477 3161 578 3214 liberos
598 3177 658 3215 esse
676 3161 774 3214 debere
793 3161 1023 3222 condemnatione,
1044 3160 1089 3227 qui
1108 3175 1159 3211 au.

76 3234 155 3280 ctores
175 3230 288 3284 luissent
307 3234 365 3284 eius
384 3235 455 3286 vitae
474 3233 606 3301 simulque
625 3235 790 3300 tempestatis
808 3249 857 3300 per
876 3247 934 3282 eum
954 3238 1046 3283 contra
1066 3229 1158 3282 eccle.

75 3299 133 3348 siar'r
152 3311 273 3368 exortae,
294 3319 382 3370 nequo
401 3305 542 3373 quidquam
569 3303 645 3356 illurn
672 3305 893 3357 condemnatione
919 3304 1052 3366 eximere,
1082 3303 1157 3370 quusi

75 3369 166 3423 inritus
185 3381 293 3425 conotus
313 3384 384 3426 esset
403 3383 512 3443 propter
530 3377 638 3428 seminis
661 3377 716 3428 nuti
737 3377 872 3446 origines,
893 3383 920 3426 et
937 3381 1066 3444 cogentes
1085 3374 1159 3426 vires

75 3442 204 3505 pravitatis
232 3452 360 3512 paternae
380 3445 439 3498 lolii
458 3449 542 3499 instar
561 3455 726 3515 comparatas
744 3449 806 3500 inde
826 3454 852 3498 et
870 3447 958 3499 statim
976 3448 1004 3496 in
1023 3446 1082 3511 ipsa
1101 3445 1158 3497 ori.

74 3511 132 3576 gine
149 3515 274 3568 deiectas.
304 3518 350 3569 scd
369 3526 482 3586 uterque
502 3533 560 3570 curn
578 3526 692 3587 utroque
703 3520 894 3572 detestationes
914 3525 940 3569 et
950 3517 1072 3568 convicia
1083 3530 1158 3566 com.

73 3583 209 3639 manicabit
232 3594 258 3638 et
278 3589 383 3640 accidet
407 3597 437 3639 ut
464 3598 576 3657 uterque
595 3589 673 3641 simul
701 3592 786 3642 eidem
805 3589 904 3640 iudicio
923 3587 1096 3640 subiiciatur:
1117 3585 1158 3638 illi

74 3655 138 3719 quod
155 3660 327 3726 propaginem
348 3675 455 3726 pravam
476 3663 503 3714 in
521 3663 603 3713 vitam
622 3661 797 3728 protulissent
816 3668 843 3711 et
861 3660 1052 3711 enutrivissent
1069 3673 1169 3734 neque*

74 3723 98 3774 in
117 3725 273 3781 Cithaerone
292 3739 320 3781 et
336 3731 486 3798 Charybdin
506 3747 538 3783 ac
556 3733 579 3784 si
598 3748 649 3801 qun
667 3735 751 3802 tnagis
770 3747 841 3784 uota
859 3732 968 3782 inventa
988 3737 1060 3782 esset
1087 3743 1158 3780 mors

73 3793 98 3843 in
116 3802 286 3869 voraginibus
318 3810 345 3853 et
363 3802 487 3854 ductibus
505 3810 593 3855 terme
621 3811 647 3855 et
665 3807 743 3856 maris
762 3803 850 3856 statim
876 3802 1038 3853 deiecissent
1054 3799 1158 3851 illude

73 3873 161 3922 ventre
181 3874 273 3939 inepto
293 3882 462 3940 proruptum:
483 3873 527 3925 bic
545 3881 632 3926 antem
653 3876 723 3943 quod
740 3891 830 3942 neque
848 3873 948 3924 invitus
968 3871 1074 3924 illorum
1094 3877 1158 3938 pru.

73 3937 172 3992 vitatem
195 3952 325 4009 sequutus
346 3932 433 4008 coeit,
459 3945 517 3996 cbm
536 3945 649 3997 rationis
675 3955 746 3997 esset
772 3945 905 4011 particeps
932 3951 959 3994 et
983 3941 1157 4006 educationis,

74 4021 137 4074 quac
160 4015 315 4079 parentibus
340 4029 394 4068 non
428 4017 604 4084 contigisset,
629 4031 718 4084 neque
742 4015 836 4084 nihilo
856 4013 953 4066 melius
984 4013 1159 4080 disposuisset

73 4090 143 4143 quan
161 4085 183 4135 si
213 4087 273 4154 quis
310 4085 366 4138 illis
390 4087 514 4138 similiter
536 4093 703 4154 aegrotaret,
728 4102 817 4155 neque
844 4084 953 4139 silentio
972 4092 1044 4135 muto
1062 4082 1159 4134 malum

74 4147 161 4204 lovere
178 4154 313 4216 voluisset
332 4158 380 4209 sed
398 4156 482 4208 multo
503 4155 686 4210 miserioribus
712 4165 740 4209 et
757 4156 836 4210 valde
854 4154 1048 4222 impudentibus
1067 4154 1159 4206 consi-

74 4215 116 4269 liis
137 4223 284 4278 voluntatis
314 4229 490 4294 principatum
516 4227 686 4296 prodidisset.
724 4238 751 4279 ct
787 4228 883 4280 accidit
907 4223 967 4291 illi,
999 4239 1057 4288 curn
1082 4221 1159 4276 malis
1242 4282 1246 4289 ¹

76 4289 153 4348 natas
171 4297 332 4351 admisceret
358 4298 463 4352 indoles
489 4307 516 4352 et
533 4299 677 4352 sententias
702 4306 731 4351 ut
748 4298 836 4367 longis
853 4295 1005 4350 intervallis
1024 4301 1158 4363 paternam
1296 4303 1300 4315 ·
