2880 4910
222 423 227 438 Ι
266 305 341 384 aot
577 311 800 386 urcmnonr
830 289 1061 398 arsanias
1143 363 1145 370 ι

266 475 415 544 ἐναντίων
446 475 568 560 λόγον.”
622 470 702 542 ιόστε
740 477 916 542 σολοθεΐιιν
944 469 1175 558 ἀγωνιζόμενος
1211 471 1369 538 συνιστόν

264 575 367 656 ἑόλοος
389 579 443 644 καί
465 579 579 644 οἷθεΐαν
600 583 720 660 νοσῶν,
740 576 779 642 τό
812 581 846 644 ἐκ
868 580 1039 658 διαμέτρου
1062 573 1165 640 κακό·
1209 573 1267 638 καί
1288 575 1370 636 nin·

268 705 348 745 τοικε
371 679 422 745 ritui
446 683 594 764 βραχέσιν
615 677 655 744 τό
676 683 738 745 τοόν
759 683 823 744 σοῖν
845 674 1047 764 ἀκροπόλεων
1069 672 1292 760 όχοριόματα,
1316 677 1368 760 ἐφ’

269 773 316 855 οἷς
338 783 527 857 ἐσεποίθεις.
571 778 617 846 ἐτι
638 779 703 865 μὴν
724 777 832 863 ἐπειδή
854 803 912 863 περ
937 770 1015 844 itas
1034 779 1098 866 φῂς
1118 771 1202 842 εἶναι
1224 775 1260 842 τό
1285 774 1368 861 ἔχον,

269 875 346 946 ἄλλο
367 884 403 946 δὲ
424 881 459 946 τὸ
481 878 571 948 {sris
604 881 659 948 καί
679 877 856 966 διάφορον,
877 882 981 1000 φαίης
1008 873 1048 943 ib
1077 877 1133 943 καί
1154 871 1231 944 ἄλλο
1253 882 1317 958 μέν
1337 881 1391 957 ε”ξ5

270 982 407 1067 α’νόγκης
426 975 508 1049 εἶναι
529 981 583 1049 τόν
604 984 699 1065 θεόν,
723 976 800 1046 ἄλλο
819 985 854 1048 δέ
874 979 931 1066 τὴν
960 973 1234 1063 ότιειρξιναότσῦ
1280 983 1369 1096 λέγε-

138 1097 258 1156 stota
269 1109 320 1148 ιιιι
341 1083 402 1167 γὰρ
427 1083 548 1160 όθεός
576 1086 632 1150 καί
653 1085 766 1172 οιίσίοιγ
797 1080 883 1166 ἔχειν
910 1105 962 1147 και
958 1075 1163 1163 όιτειρξιν.
1185 1075 1281 1145 ἐσται
1305 1072 1367 1162 όρα

203 1182 346 1256 fissan}
370 1189 406 1251 σὲ
427 1183 545 1261 θεός“
523 1182 722 1268 ανόιτσιριιτος
740 1188 796 1248 καί
816 1179 951 1267 ότταρξις
973 1184 1053 1246 θεοῦ
1072 1174 1176 1256 ἄθεος.
1219 1205 1274 1246 και
1297 1183 1369 1263 περί
1429 1203 1430 1242 1

268 1290 325 1370 τῆς
345 1284 500 1368 ἐνεργείας
522 1284 587 1349 δ”
573 1289 688 1364 ομοίως
710 1289 835 1350 λεκτέον
851 1309 903 1347 και
899 1283 1108 1367 έρσιτητέον,
1131 1280 1201 1345 εἰκ
1182 1305 1200 1364 η
1225 1277 1366 1363 ἐνέργεια
1429 1363 1430 1370 ¹

269 1383 336 1470 ἔχει
356 1388 516 1470 ἐνέργειαν
546 1379 654 1469 ἄλλην.
708 1388 739 1451 εἰ
756 1382 818 1468 γόρ
843 1381 922 1466 ἔχει,
946 1381 1003 1448 tto
1026 1375 1109 1468 ἄρα·
1167 1386 1222 1448 καί
1246 1377 1281 1446 εἴ
1299 1381 1364 1460 δόο,
1377 1390 1403 1442 10

269 1487 410 1572 διάφορα
430 1486 574 1563 πάντας·
606 1480 683 1550 ἄλλο
704 1484 766 1569 γόρ
790 1488 855 1549 δεῖν
878 1481 958 1571 εἶναι
980 1481 1059 1570 ἔφης
1080 1487 1136 1547 τοῦ
1154 1485 1310 1567 ἐχομένου
1333 1480 1365 1546 τό

269 1583 352 1669 ἔχον.
377 1587 431 1652 καί
448 1588 571 1670 γίνεταί
586 1611 632 1664 τις
647 1588 885 1671 τερατόμορφος
907 1581 1170 1670 ἐνεργοενέργειά.
1214 1585 1246 1648 εἰ
1265 1587 1302 1648 δέ
1323 1579 1364 1666 μή
1429 1599 1430 1666 3

164 1723 173 1742 ·
268 1689 370 1768 τοῦτο,
396 1688 454 1751 οοίι
477 1685 515 1752 όν
537 1687 585 1774 εἴη
608 1687 663 1774 τὴν
686 1691 846 1771 ἐνέργειαν
869 1683 956 1768 ἔχειν
978 1683 1150 1770 ἐνέργειαν.
1206 1686 1263 1750 καί
1286 1711 1366 1766 σομ-

268 1784 399 1870 βήσεται
431 1790 487 1869 τὴν
514 1786 664 1872 τοιαύτην
693 1790 852 1870 ἐνέργειαν
884 1787 1090 1868 α’νενέργιγτον
1122 1779 1213 1850 εἶναι.
1273 1783 1307 1850 τό
1341 1787 1366 1847 δ’
1429 1779 1430 1852 J

271 1889 473 1973 α’νενέργιγτον
500 1891 555 1954 καί
578 1886 780 2012 ρ’νόιιοιριιτον
803 1894 876 1954 καθ’
906 1883 944 1973 ἢν
971 1883 1203 2008 ssmpoiopp'ooc
1221 1883 1430 1970 προόθρ-ίῡ
1429 1875 1430 1932 i

270 2013 328 2064 νιος
349 1991 439 2054 θέσιν
468 2014 500 2054 τε
531 1993 587 2056 καί
609 1992 765 2074 πρότασιν
792 1985 896 2066 οὗτός.
948 1988 981 2055 τό
1015 1985 1076 2072 γόρ
1103 2014 1148 2072 μη
1171 1986 1260 2075 ἔχον,
1280 1986 1362 2074 ἔφης,
1429 2007 1430 2048 t

272 2092 430 2173 ἐνέργειαν
446 2083 519 2154 οὔτ’
543 2087 630 2156 ἐστιν
651 2083 723 2155 οὔτε
744 2093 776 2156 τί
799 2089 895 2158 ἐστιν.
946 2081 1012 2155 οὔτ’
1031 2088 1102 2156 ἐστι
1122 2093 1281 2164 narrator
1305 2086 1362 2152 αό-

225 2207 233 2222 “·
272 2193 331 2254 τοῦ
351 2193 451 2272 θέσις,
475 2190 530 2256 καί
552 2190 697 2257 οἷιιόλιιιλέ
717 2215 767 2255 σοι
790 2191 823 2256 τό
838 2189 1031 2272 σποόέοισμα
1052 2193 1094 2254 δι’
1115 2189 1226 2272 όλίγοιί
1237 2187 1294 2252 καί
1313 2191 1363 2270 τῆς

272 2294 442 2376 μοχθηρᾶς
462 2296 617 2378 γεωργίας
638 2291 654 2354 ό
675 2293 803 2377 στόχας,
826 2283 846 2374 ἢ
869 2290 901 2368 ἐς
921 2292 1119 2377 α’νόπαρκτον
1141 2286 1224 2375 ἡμᾶς
1245 2291 1362 2372 ‹ioppen-

207 2393 384 2470 ,κτίζοντι
408 2392 566 2457 πιστεόειν
594 2387 688 2476 ἢιείς
710 2391 863 2459 σόνθετον
890 2390 1036 2476 θεότηια.
1088 2393 1289 2458 ἐναντιοῦται
1309 2387 1395 2471 pipat

275 2514 325 2556 σοι
347 2494 403 2556 καί
430 2492 447 2556 ό
470 2497 557 2571 θεῖος
582 2490 764 2582 Κόριλλος,
798 2488 916 2560 ότοιιον
947 2487 1028 2560 εἶναι
1060 2495 1191 2580 φάσκων
1212 2489 1246 2558 τό
1268 2493 1361 2573 λέγειν

274 2800 309 2857 lis
328 2807 356 2856 et
375 2799 493 2856 essentia
512 2802 554 2855 dei
576 2799 717 2856 diuinitate
738 2799 873 2868 destituta.
899 2801 937 2855 ait
955 2802 1024 2856 enim
1041 2799 1120 2856 etiam
1134 2798 1279 2870 Gregorius
1296 2796 1358 2865 itys-

178 2899 180 2903 ·
274 2891 367 2930 saeue:
394 2874 533 2926 sibonum
553 2881 611 2940 est,
630 2889 741 2941 pravum
759 2890 813 2927 non
833 2883 890 2931 est·
907 2874 952 2933 sin
970 2883 1058 2926 autem
1074 2889 1183 2941 pravum
1201 2881 1252 2936 est,
1271 2870 1358 2922 bonum

276 2961 330 2999 non
351 2954 406 3010 est,
433 2946 576 2999 seeundum
601 2960 657 2996 eam
675 2947 824 3012 rationem,
845 2946 913 3014 quod
933 2947 1066 3002 contraria
1090 2944 1212 3011 componi
1231 2957 1284 2995 uon
1302 2953 1358 3008 pos·

276 3018 459 3085 sortitaque
479 3033 537 3068 oum
556 3015 653 3069 multos
673 3017 737 3069 deos
753 3022 914 3085 componere
934 3017 1119 3080 contenderes,
1138 3014 1317 3098 deprehensns
1335 3021 1357 3060 es

184 3126 187 3128 -
278 3091 354 3140 etiam
377 3105 409 3140 ex
430 3090 576 3156 negatione
596 3090 674 3139 unius
694 3089 737 3139 dei
765 3097 927 3156 aegrotans,
948 3105 1026 3156 qnae
1036 3096 1096 3140 sunt
1114 3088 1228 3138 maxime
1247 3083 1358 3162 opposita

275 3160 353 3224 mala,
376 3168 402 3210 et
415 3160 588 3211 conciderunt
607 3162 696 3226 parvis
714 3161 813 3210 areium
833 3168 936 3212 tuarum
948 3158 1060 3212 castella
1079 3166 1106 3209 et
1117 3159 1286 3219 munitiones,
1304 3150 1357 3221 qui·

276 3231 324 3282 bus
346 3231 461 3282 confisus
484 3246 551 3281 eras.
591 3231 686 3282 deinde
706 3239 794 3282 autem
824 3233 947 3298 quoniam
972 3231 1045 3283 aliud
1065 3230 1130 3282 diois
1153 3244 1212 3280 esse
1231 3227 1298 3295 quod
1315 3225 1356 3275 ba-

276 3301 332 3364 bet,
351 3299 423 3351 aliud
443 3302 514 3368 qnod
536 3299 648 3352 babetur
668 3310 694 3354 et
722 3303 865 3364 diversum,
885 3303 998 3354 sortasse
1017 3303 1090 3353 dices
1120 3302 1198 3352 etiam
1217 3298 1355 3350 aliudesse

277 3371 429 3424 necessario
449 3372 541 3437 deum,
571 3372 642 3424 aliud
672 3375 729 3424 eius
754 3374 936 3427 substantiam.
983 3374 1079 3426 dieitur
1105 3373 1174 3422 enim
1194 3371 1258 3423 deus
1278 3376 1303 3420 et
1319 3379 1356 3416 es-

277 3444 388 3494 sentiam
407 3441 508 3494 babere
530 3451 556 3494 et
575 3444 756 3496 substantiam
795 3447 846 3497 erit
863 3447 944 3514 igitur
964 3460 997 3497 ex
1015 3453 1059 3496 tua
1078 3442 1211 3494 sententia
1229 3441 1291 3492 deus
1310 3448 1355 3488 utu

276 3513 475 3577 substantialis,
504 3522 531 3565 et
555 3515 703 3566 substantia
727 3515 770 3566 dei
798 3517 937 3568 divinitate
961 3516 1106 3578 destituta,
1126 3515 1203 3565 etde
1223 3507 1356 3562 efficientia

276 3585 344 3635 idem
364 3551 502 3636 dicendum
524 3586 574 3636 erit
594 3594 620 3638 et
636 3587 825 3670 quaerendum,
844 3602 906 3639 num
926 3585 1079 3638 efficientia
1084 3551 1182 3638 b⁵abeat
1201 3580 1355 3636 efficientiam

196 3713 203 3724 ,
277 3654 373 3719 aliam,
395 3658 490 3707 etenim
511 3657 533 3708 si
551 3657 645 3721 habet,
666 3665 727 3710 sunt
745 3659 827 3726 igitur
846 3659 914 3724 duo,
937 3673 968 3708 ae
988 3659 1010 3708 si
1030 3657 1098 3720 duo,
1120 3658 1227 3710 diversa
1247 3654 1354 3707 omnious

276 3724 348 3778 alind
369 3728 437 3778 enim
458 3735 584 3794 oportere
604 3744 664 3778 esse
682 3729 790 3781 dicebas
811 3738 891 3797 atque
910 3730 936 3782 id
955 3727 1025 3796 quod
1050 3727 1162 3780 habetur
1187 3727 1214 3777 id
1233 3725 1298 3794 qnod
1314 3720 1355 3770 ht·

276 3797 331 3860 bot,
355 3805 381 3848 et
402 3799 486 3849 oritur
499 3798 625 3865 quaedam
646 3801 738 3851 mirnm
758 3801 786 3850 in
805 3801 908 3854 modum
935 3801 1046 3850 formata
1065 3799 1227 3851 efficientiae
1248 3793 1354 3846 efficien-

276 3867 328 3930 tia;
348 3869 388 3921 sin
408 3877 494 3920 autem
515 3867 566 3918 boc
586 3885 677 3920 aerum
696 3885 751 3921 non
770 3879 820 3935 est,
850 3887 904 3922 non
925 3878 1015 3952 potest
1034 3869 1178 3922 efficientia
1201 3862 1355 3919 efficientias

277 3904 386 4003 habere,
406 3945 433 3990 et
450 3946 576 4022 sequetur
595 3948 624 3992 ut
644 3941 788 3996 efficientia
808 3909 936 3994 5iusmodi
962 3942 996 3994 sit
1018 3940 1152 3994 inefficax.
1198 3939 1266 4007 quod
1282 3939 1354 3988 autem

277 4009 405 4060 inefficax
425 4017 474 4080 est,
495 4011 572 4060 etiam
593 4018 633 4063 est
651 4027 705 4063 non
720 4013 903 4077 substantiale,
923 4013 1066 4064 secundum
1080 4028 1147 4076 eam,
1161 4025 1247 4078 quom
1264 4016 1291 4058 tn
1307 4005 1354 4069 ipw

276 4087 392 4148 nugatus
410 4069 587 4147 proposuisti,
617 4081 705 4134 thesin
733 4091 759 4134 et
777 4085 904 4150 protasia
953 4083 1123 4135 efficientiam
1151 4083 1230 4146 enim,
1249 4079 1354 4140 ais‚11⁰¹¹

277 4150 378 4204 babens
396 4166 485 4220 neque
505 4159 545 4204 est
562 4167 651 4236 neque
678 4154 819 4223 quidquam
850 4164 905 4207 est:
925 4155 1003 4206 immo
1025 4155 1131 4208 omnino
1153 4168 1207 4206 non
1229 4157 1268 4202 est
1284 4140 1353 4199 tbettt

276 4229 322 4280 tua
342 4229 369 4278 et
386 4222 465 4279 brevi
491 4224 594 4278 interiit
617 4223 666 4280 tibi
691 4239 790 4298 opera,
822 4235 849 4280 et
867 4228 924 4297 agri
949 4242 1109 4283 aerumnose
1140 4223 1206 4283 sulti
1223 4222 1302 4294 spica,
1318 4222 1353 4286 (1¹¹¹

707 4393 727 4432 Ι
