2910 4896
188 335 406 403 msuoumu
430 331 689 400 uummrunu
715 335 824 398 xxix.
850 317 1040 400 56-59.
1108 325 1180 397 265

106 501 233 586 Πολομρῖ
250 500 443 582 προσέκειτο,
458 501 512 562 καί
524 499 731 579 ἀντέπραττεν
746 498 788 572 ὠς
807 496 846 563 τό
869 497 968 561 πολλὰ
992 497 1030 586 τῇ
1048 501 1107 562 τοῦ
1123 522 1183 563 σο-

19 623 20 630 *
105 600 183 683 ζόχον
205 595 314 686 γνωμῃ
328 595 406 682 πρός
437 593 497 664 ὅσα
512 603 550 686 τῇ
562 604 713 686 θρησκείᾳ
728 601 893 665 συντείνει.
917 592 1037 683 ἀρτιχε
1050 595 1113 682 μήν
1124 598 1182 680 τήν

103 701 247 782 βασίλειον
262 695 363 782 αόλήν
384 701 514 765 εἰσιόντι
531 723 587 780 μοι
607 701 662 764 καί
671 705 836 781 Παλαμᾶν
849 702 917 764 ἐκεῖ
928 700 1007 782 πρός
1031 702 1183 776 διαλέξεις

103 799 221 888 ἔφεδρον
245 794 326 865 εἶναι
354 804 473 880 μαθεῖν
494 805 670 884 ἐξεγένετομ
702 795 786 864 οὕτω
812 803 839 862 δ’
868 801 973 884 ἔχοντί
989 825 1045 883 μοι
1065 805 1127 866 τῶν
1151 805 1185 868 ἐκ

84 904 228 986 διεφαλής
249 897 434 984 ἀλγηδόνων
456 898 517 981 ἔτι,
541 907 595 966 καί
617 897 715 977 οὕτως
735 903 979 986 ἀπροσδοκήτως
1002 906 1213 990 ἑμπεπηδη-ί.
1228 908 1318 966 ibit.

103 1001 177 1078 ιότσς
197 1024 250 1080 μοι
272 1005 330 1065 τοῦ
352 997 483 1085 ἀγῶνος,
508 1004 711 1085 πρῶτονμὲν
733 1000 819 1078 ἔδοξε
833 1006 957 1082 βέλτιον
980 1001 1087 1068 οἴκαδε
1108 1008 1186 1078 τέως

103 1102 249 1164 ἐπανιέναι
269 1125 326 1186 με,
353 1101 453 1185 μικρά
479 1109 540 1167 τάν
565 1106 837 1188 μεμηχανημένων
864 1101 1084 1186 προσκλήσεων
1105 1105 1188 1167 ἑκεί-

103 1223 154 1264 νων
175 1206 404 1286 φροντίσαντι·
446 1205 497 1268 ἵνα
521 1207 548 1268 δ’
571 1194 626 1267 σόν
647 1202 691 1288 μή
724 1205 845 1275 δειλιάς
865 1199 1018 1266 ὑπόνοιαν
1036 1212 1100 1277 τοῖς
1127 1227 1186 1287 φι-

103 1300 291 1383 λοσκώμμσσι
315 1306 430 1383 δοῖμεν,
453 1303 679 1388 ε’περριόσαμίν
704 1328 737 1370 τε
757 1295 854 1376 αόδις
874 1300 929 1367 τόν
962 1305 1110 1386 λογισμὸν
1132 1307 1186 1370 καί

74 1403 284 1487 Ῑοόνελάβσμεν
305 1402 453 1487 ἑαυτούς,
472 1412 537 1494 θεῷ
558 1406 591 1470 τὸ
612 1410 673 1469 πόα
698 1409 929 1488 ἐπιτρέψαντες.

193 1508 260 1569 Καί
283 1501 385 1582 οὕτως
407 1509 451 1581 εἰς
474 1505 573 1570 αότόν
595 1503 710 1593 είσήειν
731 1509 865 1589 βασιλέα
890 1509 930 1594 τῇ
950 1530 983 1571 τε
1009 1510 1071 1571 τῶν
1093 1501 1253 1590 εὖγε-59

102 1607 154 1669 νόν
167 1604 300 1671 συνόντα
316 1609 476 1695 παρουσίᾳ
494 1606 548 1670 καί
570 1604 638 1688 όμα
655 1610 709 1690 τής
724 1609 889 1688 βασιλίδος
905 1608 1038 1692 Ἑλένης,
1061 1611 1105 1695 τῷ
1129 1611 1187 1672 τοῦ

102 1704 269 1788 συμβάντος
292 1707 410 1795 σχεδίῳ
442 1708 738 1794 παρηκολουθηκώς.
792 1706 830 1771 τό
852 1731 885 1790 γε
908 1705 973 1791 μήν
1004 1713 1072 1773 ἐκεῖ
1090 1716 1187 1794 λαλη-
1355 1705 1394 1770 ’ἱ

102 1809 204 1893 θέντα,
227 1807 330 1873 δπόσα
355 1813 411 1872 καί
434 1800 494 1888 οἶα,
518 1809 572 1872 καί
596 1804 712 1884 ὅπωςό
735 1807 846 1891 καιρός
865 1810 1033 1892 ἐσχεδίασε
1056 1809 1094 1874 τό
1118 1833 1188 1874 τοι·
1228 1868 1237 1874 .

72 1911 183 1988 15αότα,
205 1909 339 1994 δηλσόσει
360 1909 398 1973 τό
420 1911 543 1995 έφεξής.
566 1913 740 1992 γέγραπται
760 1911 820 1990 μὲν
839 1908 899 1993 χόρ
918 1933 972 1991 μοι
995 1915 1087 1976 ταυτί
1111 1918 1189 1975 λεπ-

101 2015 198 2099 τστέρρ
218 2011 280 2075 τινί
300 2011 455 2097 διηγήσει,
479 2014 643 2076 έκδέδσται
669 2013 697 2074 δ’
719 2011 761 2086 ἀς
784 2015 817 2088 ἐξ
836 2009 945 2095 ἑτέρου
965 2013 1028 2076 τῶν
1041 2015 1109 2078 ἐκεῖ
1125 2039 1188 2075 πα-

98 2108 211 2192 ·ρόντων
232 2108 321 2195 ἑνός,
342 2110 422 2197 πρός
452 2110 655 2196 ἐρωτήσαντό
675 2137 746 2177 τινα
777 2116 876 2196 δήθεν
895 2111 1075 2192 διεξιόντος.
1119 2109 1187 2196 ἔχει

104 2211 132 2273 δὲ
153 2208 289 2278 νότωσίν.

105 2501 165 2568 patri
183 2502 384 2568 Cautacuneno,
404 2503 483 2556 valde
514 2505 554 2556 sic
580 2505 658 2556 ctiam
676 2503 796 2556 Palamas
817 2501 932 2556 instabat
957 2511 984 2555 et
1000 2503 1190 2558 adversabatur

106 2572 250 2644 plerumque
268 2577 392 2642 coniugis
418 2576 568 2629 sententiae
593 2577 620 2628 iu
640 2576 762 2629 omnibus
786 2575 883 2640 rebus,
903 2575 934 2626 ad
960 2592 1024 2644 quas
1046 2576 1121 2628 illum
1142 2573 1191 2630 'sua

108 2644 178 2697 trabit
196 2647 302 2716 religio.
340 2663 426 2714 nuper
444 2655 531 2699 autem
556 2647 642 2700 aulam
661 2649 763 2716 regiam
792 2647 900 2699 intranti
928 2645 992 2698 mihi
1013 2649 1091 2699 etiam
1110 2648 1191 2701 Pala..

110 2729 168 2767 mam
185 2719 220 2770 ibi
239 2720 271 2771 ad
293 2719 487 2785 disputationes
506 2719 682 2772 instituendas
703 2719 884 2770 considentem
903 2718 1003 2771 licebat
1020 2719 1123 2772 videre.
1151 2721 1192 2772 sic

111 2795 188 2840 auten
207 2790 271 2842 milri
291 2791 379 2856 capite
398 2789 530 2844 laboranti
553 2791 632 2842 etiam
653 2798 680 2843 ct
699 2806 777 2858 quum
798 2796 849 2842 tam
870 2789 1019 2854 inopinanti
1037 2791 1191 2856 impeditum

109 2873 147 2908 me
163 2863 302 2914 conamine
324 2862 454 2927 viderem,
477 2862 589 2928 primum
609 2862 714 2930 quidem
740 2863 828 2913 visum
848 2868 889 2913 est
907 2862 990 2914 satius
1010 2877 1069 2914 esse
1088 2862 1191 2913 domum

111 2936 155 2980 tam
172 2932 212 2983 diu
229 2934 329 2999 redire,
349 2933 435 2986 donec
453 2948 556 2985 mecum
573 2941 678 3000 paratas
696 2931 759 2985 illas
777 2931 841 2984 mihi
861 2933 1045 2984 accusationes
1066 2941 1191 2999 reputas.

111 3015 166 3053 sem.
202 3019 235 3056 ne
255 3007 340 3074 igitur
353 3007 480 3074 ignaviae
504 3007 683 3071 suspicionem
711 3004 780 3072 apud
806 3006 927 3056 homines
952 3004 1057 3055 dicaces
1083 3004 1191 3057 subire.

111 3087 168 3137 mus,
185 3077 397 3130 confirmavimus
421 3093 511 3130 rursus
530 3077 688 3130 sententiam
717 3084 833 3130 nostram
858 3083 885 3128 et
901 3076 1052 3144 recepimus
1073 3076 1123 3130 deo
1141 3091 1191 3129 nos

113 3147 188 3198 onnia
206 3150 410 3202 committentes.

197 3246 284 3314 Atque
303 3247 341 3298 ita
359 3246 391 3298 ad
411 3247 495 3313 ipsum
516 3263 608 3316 regem
627 3246 803 3312 accedebam,
823 3262 900 3314 quem
929 3261 987 3296 cum
1007 3243 1191 3314 praesentibus

111 3312 234 3368 nobilibus
254 3318 320 3370 viris
343 3325 369 3370 ct
388 3319 466 3371 simul
486 3333 544 3368 cum
564 3318 667 3370 Helena
684 3320 779 3386 regina
798 3316 963 3369 offendebam
984 3315 1191 3382 colloquentem,

112 3395 207 3438 secutus
226 3390 377 3442 certaminis
399 3391 583 3443 temeritatem.
607 3398 633 3440 et
652 3405 719 3457 quac
737 3391 774 3442 ibi
787 3390 919 3456 disputata
938 3397 999 3442 sunt
1014 3403 1090 3456 quam
1109 3387 1193 3439 multa

113 3461 135 3504 ei
151 3459 235 3524 qualia
256 3468 283 3511 et
301 3462 433 3528 quomodo
453 3469 555 3527 tempus
575 3460 639 3511 talia
658 3462 884 3528 suppeditaverit,
909 3460 1053 3512 narrabunt
1073 3473 1104 3510 ea
1124 3474 1192 3526 quac

112 3538 252 3593 sequuntur.
290 3533 467 3600 perscriptum
494 3541 535 3584 cst
563 3534 632 3584 enim
658 3548 734 3585 ame
760 3533 812 3583 hoc
841 3533 905 3583 satis
929 3533 1003 3582 tenui
1029 3531 1191 3582 narratione.

112 3599 220 3652 traditum
239 3612 280 3655 cst
299 3613 386 3656 autem
408 3603 440 3655 ab
459 3602 544 3655 altaro
564 3618 617 3656 uno
635 3619 726 3655 eorum
745 3606 790 3672 qui
809 3602 846 3654 ibi
863 3603 1002 3655 adfuerant
1016 3601 1191 3668 interroganti

111 3669 199 3723 cuidam
218 3674 263 3725 diu
281 3676 307 3727 id
326 3691 358 3728 se
377 3675 507 3727 iacturum
527 3677 708 3742 promittente.
745 3691 789 3728 res
808 3689 874 3727 vero
895 3675 934 3727 sic
954 3689 985 3728 te
1004 3673 1091 3726 habet.

513 3875 779 3888 n———q——ae—-r
