2880 4910
213 351 431 422 mesonma
454 349 716 422 amansium
733 353 857 420 xxxii.
882 334 1067 421 tt-tt.
1127 343 1200 418 383

115 509 267 595 εἰληφέναι
287 513 407 592 ταμίαν
426 515 546 596 σοφίας
566 505 788 593 τῆνἯσιόδου
811 510 946 594 δα’φνην,
968 505 1023 572 καί
1041 504 1120 594 μόνη
1142 510 1202 570 δε-

114 609 193 692 λήσει
215 608 247 674 τδ
272 613 473 694 δογματίζειν
497 607 672 694 ἆλαίσιμυν.
715 603 736 692 ἢ
758 611 816 674 ουίι
838 607 974 689 α’κοδεις,
993 612 1029 675 τί
1044 609 1133 675 ταῦτ’
1150 606 1268 674 tuln

113 714 165 774 σοῦ
188 708 221 774 ιδ
244 709 473 794 σχετλιαδτατον
505 713 595 776 roo'co
629 712 684 777 καί
702 713 844 796 μεμηνὸς
866 713 1039 796 α’νδροὶριον
1073 707 1201 796 ε’ξηρεδ-
1274 723 1279 736 ’

9 875 10 886 ,
113 815 194 891 ξατος
213 805 264 897 ἆρ’
284 811 398 877 υἰνεκτδι
421 817 511 877 ταῦτ’
534 815 645 890 υίκοαῖς
680 815 761 901 λόγῳ
785 813 841 878 καί
874 813 999 902 διανοίην
1021 813 1204 892 διοικουμέ-

9 891 11 938 ¹
91 933 193 992 ηναιςς
228 918 363 998 φθέγξαι
385 941 416 980 τι
440 913 521 998 αρδς
543 918 663 996 ταῦτα,
685 917 737 979 ἵνα
757 917 880 997 γνῶμεν
907 916 938 980 εἰ
959 913 1003 997 μὴ
1029 913 1204 998 δμότροτιον

111 1015 226 1098 τρέφεις
255 1019 332 1097 γοῦν
354 1017 388 1080 ἐν
410 1013 536 1091 τούτοις
561 1022 616 1081 καί
634 1015 734 1090 αδτδς
762 1016 796 1078 to*
820 1023 876 1099 τῆς
896 1015 1023 1099 γναίμης
1042 1013 1202 1098 βουλόμε-

111 1135 165 1178 νον.
207 1115 226 1199 ἦ
255 1115 318 1201 γαρ
348 1117 389 1202 oq*
422 1118 525 1203 σιωπή
554 1119 718 1205 σφαλεροῦ
742 1113 926 1194 συνειδότος
948 1117 1090 1199 inopias
1112 1117 1203 1181 οἶνοι-

113 1221 228 1300 ληφυῖα
251 1220 391 1298 πολλάς,
425 1214 535 1302 οἶμαι,
566 1222 674 1302 ἐγερεῖ
690 1217 769 1284 κατὰ
796 1223 855 1283 cori
875 1215 934 1293 τδς
955 1221 1017 1282 τοῖν
1038 1217 1205 1300 λοιδοριῶν

111 1323 281 1399 τρικυμίας.
337 1314 357 1402 η’
390 1320 448 1405 γυὶρ
483 1323 541 1386 ου’κ
569 1320 669 1395 αδτὸς
692 1315 811 1384 ἑαυτοῦ
830 1343 864 1383 τε
890 1324 945 1383 καί
962 1321 1204 1404 τοδσφετὲρον

78 1415 218 1482 λθδιοὶσοσ
256 1419 374 1498 παντὸς
410 1415 560 1507 ιῖντικρυς
602 1429 847 1504 καταμαρτυρεῖ
870 1419 927 1484 καί
955 1422 1020 1484 ταῖν
1050 1421 1205 1502 α’σεβειαῖν

111 1517 335 1604 ἒπεψηφίζεται
360 1520 418 1604 τίην
441 1527 612 1606 μεγίστηνς
642 1517 676 1584 ὃν
694 1519 754 1604 γάρ
777 1523 878 1585 πᾶσαν
903 1522 1081 1604 διαρρήδην
1102 1523 1206 1600 τιμῶ·

111 1639 158 1680 σιν
191 1621 333 1702 είσεβαῖν
369 1625 549 1707 ἐκκλησίαι,
585 1621 642 1690 καί
675 1613 711 1686 δν
739 1615 879 1702 δμνσῦσι
916 1617 1124 1705 λογογράφων
1152 1620 1207 1686 καί

110 1723 316 1803 μουσουργῶν
338 1721 436 1786 δαίων
456 1727 550 1807 χοροί
581 1721 662 1788 sord
687 1723 793 1786 πᾶσαν
823 1720 942 1807 χρόνον
964 1725 1131 1808 περίοδον,
1151 1725 1209 1787 καί

112 1809 147 1880 αδ
169 1819 243 1897 τοδς
267 1815 390 1899 ἄθλους
411 1826 524 1890 καίτοι
547 1825 634 1912 σοφὰ
657 1830 865 1906 παλαίσματα
890 1823 944 1888 διαὶ
969 1820 1073 1910 πάσης
1085 1825 1206 1909 ἤχησαι

80 1923 162 2001 lireio
184 1924 367 2006 διαγέγονε,
389 1929 500 1990 τοῦτον
535 1919 630 2001 οὗτος
661 1928 864 2009 ἰσχυρίζεται
896 1923 940 2008 μὴ
967 1927 1107 2008 εἰδέναι,
1139 1926 1207 1990 ἀλλ’
1296 1917 1302 1936 '

112 2021 152 2094 εἰς
171 2021 236 2087 τόδ’
254 2023 379 2107 ἡλικίας
400 2025 605 2117 παντοίαασιν
618 2026 802 2113 α’μφότερον
817 2029 989 2111 διαμεῖναι,
1015 2029 1070 2091 καί
1086 2026 1207 2112 τυφλὸς

111 2123 167 2186 τοῖν
186 2129 363 2207 γινομένων
384 2129 440 2192 καί
459 2128 568 2214 κωφὸς
588 2132 650 2193 τῶν
682 2131 876 2210 λεγομένων,
905 2123 1015 2208 δ’μοισν
1038 2121 1143 2210 δ’σαερ
1168 2120 1208 2192 ἂν

111 2223 138 2285 εί
153 2229 207 2288 καί
230 2233 308 2310 περί
325 2231 382 2293 τοῦ
406 2230 606 2310 παγκσσμίου
629 2231 722 2292 τοῦδε
746 2226 870 2314 φοοτός,
891 2231 953 2312 τῆς
968 2227 1100 2312 ἡλιακῆς
1123 2230 1208 2308 daea}

112 2346 159 2405 νης
181 2326 360 2410 λαμπάδος,
382 2329 503 2412 ἀγνοεῖν
523 2333 689 2394 διετείνετο
709 2327 806 2405 εἴτις
827 2328 876 2414 εἴη
896 2332 958 2392 ταῖν
981 2328 1106 2407 ζοδντοον
1126 2329 1208 2393 οἷσο-

83 2422 210 2496 toleniaco
233 2425 347 2494 αιίτοῦ.
391 2434 481 2494 δυοῖν
503 2428 563 2513 γδρ
584 2426 868 2512 ἓπεταίθιίτερσν·
912 2423 1012 2515 ἢγδρ
1036 2427 1152 2508 είωδδς
1173 2426 1276 2497 dou
1321 2487 1323 2491 ,

109 2533 167 2600 ταῖς
189 2526 399 2611 αἱρεσιιίταις
422 2531 525 2594 ednod
545 2534 600 2596 καί
621 2528 756 2614 νόμιμον
777 2529 938 2608 συνοίξεοον
955 2532 1135 2614 ἀπέχεσθαι
1154 2536 1209 2598 καί

109 2622 207 2712 ια’σης
233 2626 326 2714 ἱερᾶς
356 2629 519 2720 δμνεγδίοις
548 2632 591 2709 οδς
618 2629 658 2697 τὰ
681 2633 800 2715 πολλοί,
832 2637 896 2698 τοῖν
917 2631 1014 2718 ἱεροῖο
1036 2631 1089 2698 διδ
1114 2635 1208 2700 τοῦτο

111 2969 263 3042 priusquam
282 2967 346 3040 qnid
366 2969 490 3024 didicerit
508 2971 568 3025 sino
586 2971 681 3024 labore
701 2974 825 3040 opinatur
842 2979 1013 3039 accepturum
1043 2988 1074 3025 sc
1098 2974 1208 3040 sapien.

111 3041 161 3093 tiae
182 3041 296 3094 Hesiodi
315 3042 433 3095 lauream
457 3050 483 3095 et
508 3059 556 3112 pro
584 3043 651 3096 solis
677 3045 748 3101 votis
775 3047 831 3096 suis
855 3043 972 3096 delatum
996 3043 1029 3095 iri
1055 3045 1208 3099 certaminis

112 3112 253 3182 dogmatici
282 3113 333 3166 sibi
352 3115 507 3181 praemium.
545 3131 633 3167 annon
653 3116 779 3167 audivisti
807 3132 875 3184 quae
901 3116 930 3167 in
957 3123 984 3166 te
1003 3115 1163 3168 miserabilis
1182 3125 1209 3168 et

114 3181 202 3236 furens
224 3185 403 3236 homunculus
425 3188 475 3238 iste
496 3185 666 3239 evomuerit?
705 3188 783 3255 quid,
802 3203 856 3238 non
884 3185 1062 3239 abhorrebant
1081 3185 1149 3254 baec
1176 3188 1209 3239 ab
1235 3178 1241 3195 '

112 3256 217 3308 auribus
237 3265 265 3308 et
284 3257 374 3308 verbis
392 3258 446 3308 tuis
466 3274 497 3310 ac
515 3257 639 3310 mente‘l·
661 3258 774 3327 loquere
794 3261 821 3310 in
841 3259 908 3310 baec
927 3266 956 3309 ut
980 3273 1154 3327 cognscamus
1174 3257 1209 3311 an

113 3330 220 3380 eandem
241 3326 298 3379 alas
318 3327 412 3379 saltem
432 3329 460 3380 in
480 3331 521 3381 bis
542 3337 569 3381 et
587 3331 646 3398 ipse
663 3338 789 3382 mentem.
834 3346 894 3382 nam
914 3329 1050 3382 silentium
1070 3338 1143 3381 tuum
1163 3346 1210 3382 ar.

111 3396 171 3450 bitri
188 3399 264 3452 infidi
282 3401 463 3467 suspicionem
483 3410 574 3454 movet
596 3410 622 3453 et
641 3402 737 3453 multos
758 3417 856 3454 vereor
874 3418 909 3453 ne
928 3401 956 3452 in
967 3409 993 3453 te
1004 3401 1209 3454 maledicentiae

112 3467 204 3523 ductus
226 3472 334 3522 excitet.
373 3473 436 3539 quid
455 3488 545 3524 nonne
564 3473 650 3540 palam
669 3476 721 3525 iste
740 3475 824 3540 ipsius
846 3481 873 3525 et
892 3489 999 3526 suorum
1019 3472 1117 3525 cultum
1132 3474 1210 3526 iana-

112 3541 190 3595 ticum
211 3542 375 3594 exadversus
394 3557 443 3594 nos
463 3551 573 3596 testatus
594 3553 621 3596 et
647 3546 810 3612 impietatem
835 3545 906 3596 inter
932 3543 1025 3597 laudes
1046 3543 1232 3612 profitetur‘l·

111 3625 170 3662 nam
190 3627 271 3681 quom
289 3627 383 3664 omnes
402 3613 475 3666 clara
496 3630 566 3667 voce
583 3615 716 3668 honorant
734 3617 838 3683 piorum
865 3615 999 3668 ecclesiae
1026 3623 1053 3667 et
1072 3615 1211 3668 celebrant

112 3685 270 3751 scriptorum
290 3692 316 3736 et
334 3687 437 3752 piorum
451 3700 637 3754 mysurgoram
656 3688 731 3738 chori
750 3697 798 3754 per
813 3703 891 3739 omne
908 3695 1012 3754 tempus
1034 3695 1060 3739 et
1071 3688 1146 3739 cuius
1165 3687 1210 3740 la-

113 3753 190 3807 bores
214 3763 241 3806 et
259 3757 398 3823 praeclara
421 3759 566 3809 certamina
584 3772 633 3824 per
654 3773 757 3809 omnem
775 3767 872 3810 terram
895 3760 1120 3823 increbruerunt,
1140 3759 1211 3809 bunc

113 3825 163 3876 iste
182 3835 323 3880 asseverat
341 3845 371 3880 se
390 3831 525 3896 ignorare,
545 3831 620 3896 quasi
640 3831 685 3897 qui
705 3837 778 3880 tanto
794 3831 887 3880 aetati
896 3838 1050 3897 provectas,
1069 3838 1212 3898 utrumque

116 3907 241 3964 expertus
260 3907 350 3964 osset,
369 3901 406 3951 ita
426 3909 454 3953 ut
474 3916 543 3968 quae
563 3909 624 3950 ante
645 3901 727 3967 pedes
755 3909 830 3952 eraut
856 3915 952 3952 caecus
980 3917 1034 3953 non
1054 3901 1167 3954 vidisset
1185 3906 1213 3952 et

115 3981 182 4033 quae
207 3971 236 4020 in
262 3983 310 4021 ore
335 3973 450 4022 omnium
475 3973 569 4024 surdus
595 3985 648 4021 uon
673 3973 801 4023 audisset.
840 3973 911 4040 quod
937 3973 1049 4040 perinde
1075 3983 1116 4026 est
1136 3987 1167 4024 ac
1189 3971 1212 4023 si

115 4041 173 4105 quis
193 4041 227 4092 dc
245 4041 312 4093 solis
333 4042 394 4093 luce
414 4037 466 4111 q'ua
485 4050 615 4095 terrarum
635 4051 729 4093 cuncta
753 4042 944 4096 collustrantur
963 4045 1068 4096 nescire
1087 4061 1117 4096 se
1136 4043 1212 4096 aibr-

115 4119 169 4162 met
185 4127 248 4162 num
268 4115 328 4180 quis
348 4131 362 4166 e
381 4117 452 4166 vivis
473 4131 504 4166 ea
527 4114 671 4166 frueretur.
709 4116 755 4165 sed
778 4129 792 4164 e
814 4116 916 4167 duobus
936 4114 1047 4168 alterum
1061 4129 1212 4184 consequa-

116 4187 158 4232 tur
177 4197 294 4236 necesse
316 4195 373 4250 est,
393 4195 439 4236 ant
457 4189 527 4255 qood
545 4199 599 4237 non
621 4187 812 4237 consueverint
838 4185 969 4239 baeretici
993 4193 1087 4238 coetus
1113 4187 1213 4239 babere

119 4260 145 4304 st
163 4269 253 4308 sacras
272 4255 470 4312 celebrationes
487 4259 567 4327 idque
593 4256 655 4326 lege
676 4259 812 4310 vetuerint
838 4258 924 4326 ipsum
944 4273 1053 4328 quoquc
1070 4273 1146 4312 saera
1164 4255 1213 4311 illa
