2992 4918
253 311 277 382 6
405 325 412 333 “
553 315 785 384 lllOEPHORl
812 313 1043 379 ermom

255 481 317 542 τόν
347 473 593 561 Καλλιστράτου
626 474 802 542 παί“όων
786 501 802 540 o
834 474 1067 562 πρεσβύτερος·
1125 469 1355 592 Ἀγαθάγγελος

256 571 356 661 όνομα
377 579 564 698 τόνδρι’.γ
542 579 651 668 χρόνῳ
670 603 704 662 γε
733 579 796 664 μὴν
818 572 956 652 ἑαυτοός
976 577 1182 664 ἀνειληφότες
1202 571 1354 693 ἑκάτεροι,

255 674 416 762 ἑκατέροις
431 683 492 745 ταῖν
515 680 636 745 οἰκείων
658 680 832 762 ἐχρώμεθα
856 676 1057 754 διδασκάλοις
1080 677 1292 762 διηγημάτων,
1312 675 1352 740 τά
1393 707 1396 711 ·
1486 757 1487 778 ,

253 804 288 844 τε
308 774 389 845 dila
411 785 467 846 κατ’
489 777 566 856 όσας
588 781 649 844 τόν
672 779 796 864 όδήλωτ
817 779 1060 862 συμπτωμάτων
1079 776 1115 843 ai
1142 778 1240 859 τόχαι
1263 797 1354 838 κεκσ-
1486 861 1487 880 ,

254 885 366 963 μίιιασι
387 886 425 1001 ιη’
445 907 479 966 γε
497 885 645 948 τοῦθευῦ
664 880 811 971 ἐκκλησία
833 879 887 945 κατ’
908 877 977 962 άμα
996 886 1062 955 τοις
1077 885 1246 952 πολιτικοῖς
1268 874 1353 960 πρά·
1333 882 1381 936 -5

253 1007 354 1066 γμασι
376 982 434 1058 τός
455 970 716 1069 συμφοράς,τοῦ
737 985 815 1047 θεοῦ
840 977 1116 1064 συγκεχωρηκότος
1139 975 1190 1042 διό
1213 1002 1271 1061 την
1292 978 1354 1043 τῶν
1486 985 1487 1054 l

257 1082 400 1168 πατρίων
420 1087 473 1166 τῆς
495 1087 658 1166 εόσεβείας
680 1079 848 1202 δογμάτων
867 1075 1070 1167 α’θότησιν,
1049 1105 1088 1165 ην
1109 1079 1234 1144 οόδὲ
1201 1101 1237 1142 σε
1259 1083 1355 1162 λελη-

256 1186 349 1248 θέναι
372 1186 462 1248 δοκει
478 1208 553 1266 μοι,
574 1183 669 1267 ἔγωγε
691 1182 848 1269 ἔφασκον·
879 1206 926 1246 ert
946 1180 1013 1266 γάρ
1031 1183 1185 1248 ἐνταυθοῖ
1204 1175 1360 1306 παρεῖναί

255 1308 290 1348 σε
311 1286 485 1370 μόμνημαι,
507 1290 563 1351 καί
584 1286 703 1351 εἰδέναι
723 1309 837 1370 σαφως
853 1286 1019 1364 naturate
1040 1278 1152 1345 κάοντα
1175 1281 1234 1360 μὲν
1254 1275 1297 1344 δι’
1321 1281 1355 1344 ἐν
1486 1355 1487 1372 ,

253 1408 367 1468 γαστρι
396 1387 566 1470 μοχθηρά,
595 1366 650 1450 κόι
680 1385 834 1450 ιόδίνσντα
860 1382 899 1449 τά
929 1408 984 1466 της
1013 1375 1230 1454 πολυθεΐας“
1209 1403 1277 1461 αμα
1300 1380 1402 1448 aetio
1486 1451 1487 1460 ,

254 1484 368 1561 άθεΐας
391 1485 560 1568 δόγματα,
582 1486 650 1551 ἔστι
674 1488 703 1550 δ’
725 1477 763 1547 ου
785 1511 837 1549 και
861 1480 1101 1569 όξερεογόμενον
1120 1479 1222 1546 seusei
1245 1502 1277 1543 τε
1301 1503 1356 1542 και

255 1581 317 1652 όσα
341 1593 406 1662 τοῖς
427 1589 526 1652 πάλαι
553 1587 715 1673 σποράδην
737 1588 791 1651 κατ’
812 1585 890 1650 κατά
924 1581 1101 1670 διαφόρους
1124 1579 1198 1656 τοός
1218 1571 1356 1664 χρόνους
1486 1659 1487 1668 ,

255 1685 409 1770 αἱρέσεως
429 1681 560 1774 εόρηται
594 1689 746 1770 πολυειδῆ
766 1689 877 1762 κακίας
902 1683 1126 1768 ὑπομνήματα.
1179 1677 1200 1746 δι’
1222 1679 1277 1744 καί
1297 1704 1357 1760 μι-
1486 1677 1487 1760 l

252 1784 328 1870 κρόν
350 1782 479 1871 ὕστερον
499 1791 661 1874 γεγέννηκά
683 1810 715 1854 τε
736 1786 768 1863 ir
786 1791 944 1870 προῦπτον
963 1788 1018 1848 καί
1038 1781 1175 1868 ἔθρεψε,
1195 1805 1355 1863 μαιευσα-

252 1889 357 1969 μένων
379 1893 442 1952 vata
474 1891 645 1973 τηνικαῦτα
675 1891 862 1970 δυναμένων
890 1884 979 1971 άγειν
997 1889 1053 1950 καί
1081 1889 1189 1970 φέρειν
1210 1878 1249 1947 τό
1271 1880 1357 1965 πρά-
1369 1896 1401 1950 15

253 2013 368 2074 γματα.
412 1989 461 2054 διὸ
485 1989 542 2054 καί
560 1988 741 2077 καθῄρηται
775 1991 833 2070 μὲν
855 1987 890 2057 τό
912 1990 993 2070 μίγα
1018 1988 1073 2051 καί
1098 1984 1283 2070 περιβόητον
1300 1986 1356 2050 τά·

253 2112 368 2170 μενος,
398 2087 639 2178 συγκαθῄρηται
670 2093 699 2154 δ’
721 2085 789 2172 άμα
811 2092 898 2177 ου’τῴ
919 2091 975 2154 καί
1002 2086 1036 2154 τό
1060 2091 1148 2150 θεῖον
1171 2088 1269 2150 ἐκεῖνο
1291 2088 1355 2149 θα.
1486 2119 1487 2178 q

253 2191 446 2275 σιαστὴριον,
470 2194 528 2254 τοῦ
551 2195 631 2255 θεοῦ
653 2194 897 2277 ζωγραφοῦντας
926 2189 961 2256 ἐν
990 2190 1096 2264 αότοῖς
1117 2190 1176 2272 τὴν
1196 2183 1293 2270 όργην
1317 2182 1356 2270 ἢν
1486 2187 1487 2200 ’

253 2288 306 2354 διά
330 2289 366 2354 τό
389 2293 445 2375 τῆς
460 2293 609 2374 σύεβειάς
629 2294 745 2378 ταύτης
768 2290 861 2372 ἔσχεν
882 2294 1045 2373 ἀθέμιτον.
1090 2291 1161 2354 ἐπεί
1181 2289 1218 2352 δὲ
1234 2284 1273 2350 τό
1294 2289 1355 2367 μὲν

254 2388 348 2459 καλόν
370 2401 472 2457 ποιεῖν
502 2398 666 2478 προϊοῦσιν
689 2395 787 2479 άπῆυ,
807 2393 843 2458 τὸ
873 2395 908 2457 δὲ
939 2390 1036 2468 κακόν
1066 2391 1192 2454 όπεῖναι
1223 2387 1281 2451 σόκ
1304 2379 1401 2470 simtu
1486 2401 1487 2404 ’

256 2491 467 2576 α’νατρόπεται
488 2501 543 2560 καί
563 2504 729 2580 συγχεῖται
750 2497 898 2580 διηνεκῶς
919 2498 957 2560 toi
974 2493 1140 2573 Ῥωμαίων
1165 2489 1248 2575 όροῖν
1268 2487 1353 2574 πρά-

254 2616 369 2676 γματα,
389 2595 443 2660 καί
462 2594 496 2660 τό
517 2599 684 2679 ναιόμενον
704 2601 760 2681 τῆς
782 2601 873 2672 θείας
895 2595 991 2680 όργῆς
1011 2593 1069 2698 ονίι
1091 2589 1223 2676 ἔγνωκεν
1244 2593 1355 2676 α’πρα-
1486 2623 1487 2710 q

253 2900 371 2953 alienum
389 2901 505 2958 abjiciat.
531 2903 606 2955 affuit
627 2913 714 2956 autem
732 2903 946 2972 Agathangelus‚
966 2900 1112 2956 callistrati
1133 2900 1248 2954 liliorum
1269 2903 1356 2955 maior
1486 2857 1487 2948 i

252 2979 325 3024 natu
364 2989 442 3040 quum
463 2989 529 3026 vero
552 2983 664 3043 uterque
683 2983 802 3042 tempore
823 2976 936 3026 animum
958 2974 1122 3040 recepisset,
1144 2972 1212 3024 alter
1234 2988 1293 3024 cunr
1310 2974 1355 3026 al-

252 3053 311 3096 tero
333 3059 394 3094 suas
414 3047 581 3096 narrationes
602 3044 813 3096 communicabat
831 3061 909 3128 quum
930 3043 962 3095 de
981 3043 1042 3094 aliis
1063 3043 1142 3094 rebus
1164 3051 1218 3093 turn
1238 3047 1355 3098 maxime

253 3115 286 3166 de
306 3114 509 3180 calamitatibus,
533 3131 597 3182 quas
619 3116 726 3166 fortuna
747 3117 856 3167 mcertis
868 3115 972 3168 casibus
995 3115 1039 3166 dei
1063 3113 1197 3166 ecelesiae
1218 3113 1355 3185 rebusque

179 3237 187 3250 ,
251 3183 368 3268 publicis
386 3183 537 3249 indixisset,
558 3187 608 3236 deo
632 3202 676 3236 eas
696 3185 850 3238 admittente
873 3186 907 3237 ob
929 3187 1097 3237 eversionem
1115 3187 1261 3252 patriorum
1282 3187 1353 3239 reli-

126 3267 129 3274 ·
272 3269 342 3307 roms
362 3255 522 3340 dogmatum,
545 3273 620 3324 quam
639 3273 673 3308 ne
694 3257 743 3308 tibi
765 3258 994 3341 quidem,inquam
1014 3271 1074 3324 ego,
1095 3257 1212 3324 ignotam
1232 3273 1291 3310 esse
1305 3274 1353 3310 ar.

252 3256 345 3378 δόμον.
393 3328 500 3377 memini
523 3329 591 3378 enim
619 3336 646 3378 te
667 3336 730 3380 tunc
753 3330 879 3395 temporis
901 3329 1008 3380 alluisse
1031 3336 1058 3379 et
1076 3336 1199 3379 accurate
1218 3327 1352 3381 Palamam

253 3398 435 3466 cognovisse,
447 3413 525 3465 quum
546 3413 695 3466 praegnans
707 3401 756 3450 rste
765 3399 844 3451 rebus
864 3400 1025 3451 calamitosis
1037 3399 1159 3468 dogmata
1177 3400 1353 3466 polytbeisrni

252 3468 385 3536 simulque
397 3469 518 3519 atheisrni
533 3471 685 3536 parturiret,
705 3465 835 3522 interdum
849 3487 914 3524 vero
931 3473 1008 3522 etiam
1022 3485 1075 3521 non
1090 3471 1175 3522 solum
1195 3471 1353 3524 haeceruc-

252 3548 337 3603 taret,
365 3539 412 3592 sed
434 3541 512 3591 etiam
537 3541 713 3594 multiformes
735 3550 814 3610 atque
832 3544 920 3594 varias
938 3541 1137 3609 improbitates,
1164 3557 1232 3610 quac
1253 3545 1353 3612 passim

254 3620 333 3679 atque
355 3611 468 3663 diversis
489 3611 659 3678 temporibus
677 3629 692 3664 a
713 3612 848 3665 veteribus
874 3613 1017 3666 haereticis
1039 3615 1165 3665 inventae
1191 3622 1271 3682 atque
1292 3631 1353 3667 me.
1373 3678 1375 3682 .

253 3689 371 3734 moratae
390 3689 459 3734 sunt.
509 3682 578 3734 haud
596 3685 634 3735 ita
655 3684 738 3735 multo
763 3692 824 3752 post
845 3701 876 3736 ea
902 3685 1009 3753 peperit
1029 3692 1108 3769 atque
1130 3685 1157 3737 in
1175 3685 1264 3736 lucem
1285 3702 1352 3754 pro.

253 3755 329 3806 duxit
348 3752 618 3807 obsecundantibus
611 3756 655 3818 ris,
677 3757 723 3838 qui
741 3763 804 3806 tuuc
822 3772 870 3808 suo
889 3758 997 3808 arbitrio
1016 3758 1105 3806 omnia
1121 3758 1253 3810 moderari
1272 3766 1353 3825 pote.

253 3832 321 3878 rant.
341 3840 424 3894 quare
443 3841 566 3876 eversum
588 3834 628 3877 est
647 3827 786 3878 maximum
808 3828 1099 3896 atqucceleberrimum
1118 3829 1254 3896 templum,
1270 3845 1352 3881 ever-

253 3911 311 3949 sum
330 3903 371 3947 cst
391 3912 493 3948 sacrum
505 3895 573 3948 illud
590 3897 674 3948 altare
692 3900 771 3950 deo
764 3915 829 3951 iram
850 3915 923 3954 suam
938 3899 1047 3952 inbisce
1065 3899 1145 3952 rebus
1164 3899 1352 3986 adumbrante,

254 3967 376 4038 quamob
397 3967 525 4019 nefariam
545 3968 612 4020 hanc
630 3971 794 4037 impietatem
813 3973 946 4038 concepit.
967 3987 1046 4040 quum
1067 3978 1154 4022 autern
1173 3973 1206 4024 iis
1229 3973 1354 4039 iampro.

254 4041 367 4093 cedente
388 4048 508 4108 ternpore
528 4039 639 4093 honeste
658 4057 739 4110 agere
756 4055 811 4094 non
830 4042 937 4107 liceret,
958 4043 1005 4094 sed
1024 4041 1144 4110 improba
1162 4043 1281 4095 facinora
1297 4059 1353 4095 nou
1384 4085 1389 4096 .
1413 4063 1416 4071 ’

255 4117 366 4177 possent
383 4126 437 4162 non
457 4112 545 4174 edere,
569 4111 666 4163 iactum
686 4119 726 4174 est
744 4122 773 4163 ut
793 4122 924 4200 perpetuo
946 4129 990 4165 res
1008 4111 1127 4165 Romana
1145 4114 1305 4182 diriperetur
1328 4123 1355 4166 et

254 4181 466 4248 conturbaretur,
486 4197 574 4250 neque
597 4199 711 4251 unquam
737 4184 779 4236 dei
803 4188 841 4238 ira
866 4199 950 4254 usque
969 4186 1145 4278 progrediens
1168 4188 1333 4254 quiescere
1326 4202 1354 4237 ιιι
