2992 4916
201 330 426 400 arsooman
447 325 705 403 omanorum
722 329 862 440 mm.
887 313 1076 400 ao-at.
1136 321 1209 398 513

116 492 176 579 ρέα
195 496 243 582 τῷ
264 497 320 577 τῆς
343 493 711 570 Κωνσταντινουπόλεως
741 491 907 560 ὗπείκοντα
935 494 1052 579 θρόνῳ,
1075 491 1130 556 καί
1149 489 1211 555 dud

113 594 226 658 τούτου
249 594 289 658 τὰ
308 595 427 680 νόμιμα
452 595 606 676 δέχεσθαι
627 599 683 679 τῆς
706 595 807 681 ἀρχῆς
835 596 892 678 τῆς
913 594 1143 677 πνευματικῆς·
1167 585 1213 655 εἶ-

114 717 170 758 ναι
189 698 219 759 δ’
243 694 337 762 adsis
358 695 413 761 καί
432 697 488 761 νύν
505 697 564 779 μὲν
582 698 616 760 ἐκ
637 701 699 761 τῶν
719 698 796 784 τῇδε
819 693 943 782 φύντων
964 693 1045 777 όμοῢ
1067 695 1122 760 καί
1134 718 1212 779 τρα-

116 796 249 881 φέντων,
267 795 510 882 όμοιβαδόντὴν
525 799 594 862 ἐκεῖ
604 797 780 883 προεδρίαν
797 795 848 861 cies*
869 796 1112 879 διαδεχομένων,
1133 790 1214 879 μετὰ

89 896 169 963 ordo
192 898 348 984 προτέρου
369 898 507 964 θάνατον
528 899 712 984 παραλλόξ,
731 894 775 973 οἷς
799 894 836 962 όν
858 894 892 962 τό
914 905 980 963 τοῖν
1004 899 1092 962 δυοῖν
1112 901 1214 982 γενοῖν

117 998 262 1083 συναφὲς
282 995 400 1064 ούτωσί
416 998 643 1082 βεβαιούμενον
664 998 720 1062 καί
740 998 933 1083 πυρούμενον
953 999 1162 1082 βεβαιοτέραν
1182 998 1214 1072 ές

113 1095 149 1160 τό
176 1095 333 1181 ἀκήρατόν
361 1121 396 1162 τε
426 1098 482 1162 καί
516 1099 690 1197 ἀκραιφνὲς
716 1101 772 1162 καί
801 1095 856 1180 τήν
886 1100 942 1181 τῆς
970 1097 1106 1173 πίστεως
1134 1097 1213 1178 σύμ-

115 1201 229 1262 πνοιαν
241 1195 299 1283 ἔχῃ
312 1199 480 1284 φυλάττειν
501 1199 552 1264 oisc*
572 1199 627 1264 καί
644 1194 933 1283 μονιμωτέραντῆν
954 1195 1064 1262 ούσιάν
1080 1197 1134 1260 καί
1160 1194 1214 1260 δύ-

90 1322 220 1381 ναμιν.
265 1298 321 1362 καί
341 1299 393 1363 ἵνα
414 1300 471 1365 τόν
492 1308 580 1386 μέσην
601 1303 765 1385 παρέλθω,
788 1300 842 1382 τῆς
856 1297 1028 1381 ἐνεστώσης
1050 1295 1135 1382 ἡμᾶς
1160 1297 1280 1362 εἰν-Μ

73 1413 106 1466 10
115 1399 355 1484 τιπερισποόσης
370 1399 437 1483 ἅμα
460 1401 515 1466 καί
531 1401 744 1486 όνθελκούσης
764 1400 888 1486 χρείας,
910 1394 949 1481 ἦν
969 1396 1033 1484 πρό
1056 1400 1134 1463 έτῶν
1152 1394 1216 1486 ἤδη

112 1502 247 1580 συχνῶν
274 1501 391 1568 ἐκτῶν
413 1506 489 1566 καθ’
514 1499 600 1585 ἡμᾶς
624 1502 815 1587 Ναζιραίων
837 1501 939 1565 ἐκεῖσε
962 1500 1123 1587 πεμφθείς
1144 1501 1214 1564 έπί-

115 1624 249 1678 στοπος,
286 1598 413 1676 συνετός
442 1598 520 1687 ἀνὴρ
558 1603 613 1666 καί
644 1599 807 1686 θεοφιλής,
831 1601 1032 1685 Θεόγνωστος
1052 1595 1213 1682 τούνομα·
1295 1637 1299 1652 =

76 1719 90 1750 ¹
115 1701 171 1765 καί
193 1697 234 1784 ἦν
260 1701 560 1788 όποκεκληρωμένον
581 1704 615 1766 ἐκ
637 1703 755 1766 πολλοῦ
783 1703 839 1766 τού
859 1699 1086 1787 παρριχηκότος
1106 1701 1213 1786 ἐκείνῳ

114 1804 161 1887 τῷ
186 1801 286 1866 ἔθνεα
308 1802 434 1884 τέμενος
456 1801 542 1888 ἱερὸν
564 1805 609 1878 εἰς
625 1803 820 1887 μητρόπολιν
843 1802 986 1887 Κύγεβον
1009 1799 1129 1866 ούτωσί
1147 1826 1215 1877 πως

73 1901 325 1982 15καλούμενον,
377 1897 395 1964 ὃ
420 1899 458 1984 δὴ
482 1899 543 1988 πρό
562 1902 702 1985 βραχέος
734 1901 976 1986 ἐπιδραμόντων
998 1904 1134 1966 Σκυθῶν
1153 1903 1216 1964 τῶν

112 2001 324 2086 βορειοτέρων
355 2002 472 2087 έρημία
504 2000 584 2064 κατὰ
611 2000 667 2084 τὴν
699 2001 874 2088 παροιμίαν
903 2001 1036 2085 κατέστη
1069 2005 1214 2079 Σκυθῶν,

113 2097 157 2177 ὦς
185 2103 304 2185 μηκέθ’
338 2089 444 2165 ἱκανόν
479 2103 524 2176 είς
559 2103 734 2188 προεδρίαν
767 2101 822 2165 καί
857 2104 972 2187 θρόνον
1010 2097 1096 2178 ἄξιον
1133 2094 1215 2163 εἶναι

113 2205 170 2266 τοῦ
200 2205 256 2286 τῆς
292 2204 464 2286 καθολικῆς
494 2200 840 2278 έπισκόπου’“Ῥωσίας.
898 2200 946 2274 διό
975 2203 1030 2266 καί
1054 2201 1279 2283 perodio-2}

114 2307 175 2367 θαι
209 2299 243 2367 τό
285 2305 394 2386 σχῆμα
431 2307 486 2388 τῆς
521 2303 745 2390 μητροπόλεως
783 2303 900 2389 ἀνάγκη
934 2302 1094 2388 γεγένηται
1135 2300 1215 2387 πρός

70 2401 223 2488 θθέτερόν
243 2426 313 2466 τινα
338 2406 379 2489 τῇ
411 2405 557 2490 παρούσῃ
589 2406 785 2490 προσήκοντα
814 2405 911 2493 χρείη
934 2405 1038 2469 τόπον.
1089 2399 1123 2468 τό
1152 2401 1214 2488 γὰρ

115 2503 210 2579 ἔθνος
231 2501 316 2567 ἅπαν
345 2505 445 2569 έκεῖνο
472 2508 535 2570 cciv
562 2503 655 2583 Ῥιός,
682 2505 1012 2592 πολυανθρωπότατόν
1040 2529 1073 2568 τε
1104 2499 1139 2569 όν
1162 2503 1217 2570 καὶ

115 2601 251 2680 πολλούς
286 2629 374 2681 τινας
405 2605 520 2683 τόπους
557 2607 612 2672 καί
640 2607 817 2694 διαφόρους
848 2609 882 2672 ἐκ
911 2606 1130 2691 παλαιοτέρων
1154 2608 1217 2669 τοῖν

113 2704 245 2791 χρόνων
261 2706 442 2789 νεμόμενον,
466 2707 510 2784 εἷς
542 2713 627 2795 τρεῖς
657 2699 719 2772 που
742 2708 799 2774 καί
827 2708 977 2793 τέτταρας
1008 2705 1095 2794 ἔφθη
1131 2707 1215 2768 διαι·

118 2806 214 2891 ρεθὲν
233 2801 290 2882 τὰς
314 2805 417 2892 ἀρχὰς
436 2808 492 2874 καί
513 2806 683 2894 ἡγεμονίας
705 2810 739 2874 έκ
759 2809 886 2872 πολλοῦ.
915 2809 972 2872 τοῦ
992 2808 1027 2871 δὲ
1048 2810 1139 2871 θειόυ
1162 2805 1217 2888 τῆς

72 2905 285 2990 λόεύσεβείας
325 2909 525 2995 κηρύγματος
553 2911 586 2974 έν
618 2907 763 2997 ύστέροις
797 2915 921 2995 καιροῖς
953 2904 1219 2991 ἐπιδεδημηκότος

118 3008 203 3085 ἐκεῖ,
235 3006 276 3071 τὰ
296 3011 395 3075 πλείω
425 3009 485 3092 μέν
507 3009 610 3075 adroic
644 3008 742 3074 αὐτοῦ
769 3033 805 3097 γε
835 3008 1004 3096 έδροξαντο
1033 3005 1126 3092 μέρη,
1151 3001 1218 3086 ἅμα

120 3321 177 3376 sedi
197 3319 332 3375 subiectus
353 3329 380 3375 et
398 3321 460 3376 inde
487 3323 632 3378 animarum
663 3323 838 3395 regendarum
856 3321 963 3392 legibus
989 3320 1134 3373 institutus.
1172 3316 1218 3387 qui

119 3395 200 3446 modo
220 3410 254 3446 cx
279 3394 442 3462 ganuteina,
463 3396 540 3448 modo
560 3413 593 3449 ex
609 3406 700 3449 nostra
720 3403 792 3450 terra
810 3395 880 3449 natis
899 3393 1071 3461 educatisque
1090 3398 1151 3458 post
1168 3406 1219 3443 an-

120 3465 271 3517 tecedentis
293 3473 402 3517 mortem
422 3473 512 3518 mutuo
533 3470 622 3522 sedem
637 3477 760 3537 occupat,
778 3469 817 3521 ita
836 3476 865 3520 ut
885 3467 955 3518 inter
975 3466 1038 3516 duas
1057 3471 1152 3531 gentes
1171 3462 1220 3513 iir-

120 3538 191 3589 mior
209 3537 362 3588 coniunctio
389 3544 416 3588 et
433 3538 534 3591 firmior
560 3547 677 3608 potestas
705 3542 735 3592 ad
756 3541 936 3606 incorruptam
964 3546 991 3589 et
1009 3535 1138 3587 sinceram
1157 3531 1220 3584 fidei

121 3609 250 3658 unitatem
270 3609 424 3660 conservari
443 3611 538 3674 possit.
575 3619 654 3680 atque
672 3619 702 3662 ut
718 3611 862 3662 remotiora
886 3609 1012 3670 omittam,
1032 3606 1110 3657 huius
1130 3604 1219 3671 operis
1280 3635 1290 3652 .

120 3678 285 3730 necessitate
304 3678 412 3742 ductus,
439 3679 490 3730 tuit
518 3697 550 3733 ex
571 3681 638 3734 iiiuc
659 3683 693 3732 mi
724 3682 746 3734 ia
764 3681 908 3734 Nazaraeis
937 3679 982 3747 qui
1003 3677 1070 3743 apnd
1090 3691 1139 3726 nos
1159 3680 1221 3725 sunt

122 3749 266 3815 episcopus
285 3750 390 3812 missus,
411 3752 453 3802 vir
470 3751 586 3816 prudens
612 3760 639 3804 et
659 3699 721 3819 pix
743 3754 850 3804 nomine
875 3748 1069 3816 Theognostus.
1105 3745 1168 3797 inde
1186 3743 1220 3796 ab

121 3818 272 3886 longinquo
293 3827 413 3888 temporo
433 3821 507 3889 genti
527 3820 567 3873 iiii
588 3821 701 3874 eiectum
723 3829 780 3874 erat
802 3819 928 3887 tempium
948 3818 1076 3886 quoddam
1097 3825 1221 3883 tanquam

123 3897 204 3956 caput
233 3887 361 3955 Kybedon
389 3893 561 3944 nominatam.
599 3893 669 3962 qnod
696 3893 773 3945 brevi
797 3901 875 3944 antea
901 3888 1088 3942 invadentibus
1114 3887 1220 3952 Scythis

122 3960 388 4028 septentrionalibus
409 3963 542 4015 desertum
560 3971 590 4016 nt
610 3963 707 4016 dicitnr
727 3963 824 4016 iactum
845 3969 893 4026 ent,
913 3969 941 4013 ut
958 3959 1071 4026 amplius
1093 3956 1222 4010 catholici

121 4031 236 4083 Rosciae
257 4031 376 4099 episcopi
395 4033 459 4084 aede
474 4035 580 4102 dignum
589 4050 643 4087 non
664 4043 745 4086 esset.
764 4033 932 4102 quamobrem
946 4029 1112 4098 metropolim
1132 4037 1221 4080 trans-

123 4102 190 4154 ferri
208 4105 323 4154 necesse
343 4111 400 4155 erat
420 4104 447 4156 in
466 4105 547 4158 aliurn
566 4105 654 4157 locum
672 4106 705 4158 ad
729 4113 897 4172 praesentem
915 4104 1102 4155 necessitatem
1123 4107 1221 4166 aptum.

122 4181 180 4225 tota
200 4173 270 4223 enim
290 4172 491 4226 iilaRnssorum
505 4191 572 4246 gens
591 4175 632 4229 fre
653 4177 807 4230 nentissima
827 4173 958 4228 etmultas
978 4180 1005 4225 et
1022 4173 1140 4226 diversas
1159 4169 1225 4221 indo

122 4243 156 4298 ab
176 4243 293 4313 antiquis
312 4246 474 4312 temporibus
497 4247 624 4316 regiones
635 4192 764 4302 dubitans
793 4249 820 4300 in
839 4247 889 4300 tria
913 4244 959 4299 vel
979 4253 1092 4314 quatuor
1110 4240 1222 4310 imperia

176 4339 339 4410 deceptam
361 4341 471 4414 (ἕτερον.
499 4341 552 4397 tot.
570 4341 625 4400 m.
720 4350 723 4358 ’
1007 4342 1044 4398 dd
