2926 4906
228 345 451 416 ursroanu
471 345 726 418 amlurrnnu
743 353 882 422 xxxiv.
900 337 1087 423 att-ts.
1145 337 1217 482 tol
1243 338 1247 366 ¹

127 506 310 594 ήκοόσαμὲν
330 533 363 575 τε
383 511 439 575 καί
467 511 734 596 πεπιστεύκαμεν·
788 512 823 578 τό
858 515 893 578 δὲ
921 513 1043 581 κτιστόν
1072 514 1221 602 γενέσθαι

127 605 274 676 οἴκτιστον
306 606 381 697 ήτὸ
413 615 506 696 σιῖμιι
545 610 712 696 ἀσώματον
734 609 882 692 οόπωιές
903 617 996 702 δεῦρο
1018 611 1088 682 οὔτε
1107 642 1138 680 τι
1159 620 1221 681 τῶν

123 715 263 795 λογικῶν
286 712 374 792 ζιόοιν
394 710 516 798 εἴρηκεν
537 707 599 776 οὔτ’
624 713 754 798 ἀκήκοεν
786 715 877 780 οὐδὲν
904 715 1031 804 οὐδαμῇ
1037 766 1046 795 ,
1070 712 1140 782 οὔτε
1161 741 1219 779 κα-
1256 720 1263 735 ’

123 811 237 889 δόπαξ
260 814 370 877 εἰπεῖν.
391 817 454 878 τῶν
490 811 636 878 ἀπόντων
662 816 841 898 κτισμάτων
876 816 969 885 οὐδὲν
1009 817 1136 905 οὐδαμῇ
1168 841 1219 881 πιο

95 913 279 996 5νενόηκεν.
300 908 371 978 οὔτε
389 913 452 998 μήν
477 914 544 978 οὐδ’
571 909 613 979 αά
632 915 668 980 τό
693 911 834 982 ἀκτιστόν
854 941 888 982 τε
910 919 965 982 καί
1000 915 1130 1005 ἄπειρον
1150 913 1221 982 οὔτε

121 1018 194 1075 κατ’
232 1011 345 1076 οὐδένα
378 1012 470 1098 λόγον
498 1009 570 1077 οὔτε
590 1022 657 1079 κατ’
693 1015 805 1080 οὐδένα
827 1018 943 1102 τρόπον
966 1018 1147 1099 ἐπιδέχεται
1166 1015 1222 1102 τήν
1289 1075 1292 1085 ,

121 1111 313 1208 οἱανδήποτε
342 1112 464 1197 κίνησιν
493 1114 548 1179 καί
574 1113 695 1200 τροπήν
730 1117 774 1191 εἰς
795 1114 830 1181 τό
853 1115 1124 1202 όφειμένον,-οάκ
1148 1117 1222 1199 ἔχον

120 1209 199 1278 066²
222 1211 310 1290 ὅπως
329 1215 526 1299 τραπήσεται
558 1211 631 1279 066²
660 1213 739 1280 ὅπου
763 1217 986 1301 κινηθήσεται·
1014 1278 1016 1283 ,
1036 1217 1138 1304 τροπή
1159 1216 1221 1304 γὰρ

117 1317 181 1380 τοῢ
200 1312 280 1378 κατὰ
303 1313 398 1399 φύσιν
421 1314 566 1398 ἀπείρου,
588 1320 747 1380 κινεῖσθαι
766 1314 812 1399 μή
837 1315 1022 1402 πεφυκότος,
1045 1312 1078 1402 [ή
1098 1323 1138 1400 τ’]
1164 1317 1220 1382 ἀλ-
1244 1365 1246 1374 ι

73 1418 254 1492 1ολοίωσις
275 1416 330 1478 καί
353 1414 508 1499 διαίρεσις
536 1413 584 1499 εἴη
608 1411 656 1492 ἀν,
678 1414 756 1499 ὅπερ
789 1416 957 1481 ἀδύνατον·
1001 1421 1090 1481 πᾶσα
1108 1419 1180 1504 γάρ,
1203 1417 1287 1486 64!

116 1523 213 1592 θεῖος
246 1515 347 1601 ἔφησε
369 1513 537 1596 Μάξιμος,
572 1516 667 1601 φύσις
694 1518 740 1601 soi
768 1517 870 1602 οικείῳ
905 1519 986 1604 λόγῳ
1024 1517 1078 1583 διὰ
1107 1517 1222 1595 παντὸς

114 1619 191 1712 ἔχει
212 1613 248 1681 τό
268 1615 395 1692 τέλειον,
417 1614 512 1698 νοητή
532 1638 566 1679 τε
596 1641 649 1680 και
673 1617 820 1736 αισθητή,
843 1615 897 1681 εἴτ’
922 1611 991 1682 οὖν
1005 1618 1092 1702 ἀπλῆ
1112 1644 1146 1685 τε
1166 1621 1222 1686 και

116 1720 292 1791 σύνθετος·
337 1707 379 1780 ὧν
400 1715 460 1801 γὰρ
486 1712 515 1776 οἱ
540 1714 627 1799 λόγοι
650 1715 741 1837 παρὰ
763 1720 810 1804 τῷ
837 1716 948 1780 &113⁰
929 1745 994 1800 αμα
1015 1721 1062 1807 τιό
1084 1713 1165 1785 εἶναι
1185 1717 1219 1784 τό

115 1817 276 1884 τέλειον”
257 1840 361 1897 εσχον,
382 1817 500 1881 τούτων
521 1815 542 1900 ἦ
559 1815 640 1880 κατὰ
660 1816 732 1893 τοὺς
756 1819 890 1895 οικειόυς
912 1820 1025 1905 λόγους
1028 1819 1220 1940 παραγωγή
1292 1894 1298 1909 s

76 1924 107 1982 15
118 1945 175 1983 και
210 1916 362 1992 οάσίοισις
391 1905 575 2040 προσθήκης
601 1918 705 2002 πόσης
725 1943 778 1982 κιιι
811 1921 1043 2001 ἐλλείψεως”
1004 1947 1060 2005 της
1081 1919 1161 2005 πρός
1183 1917 1218 1984 τό

120 2013 213 2096 εἶναι,
236 2009 319 2102 ιήπερ
354 2011 428 2081 ὄντα
448 2017 621 2100 τυγχάνει,
651 2019 847 2094 παντελῶς
832 2019 917 2084 εστιν
940 2019 1149 2095 ἀνεπίδεκτος.
1193 2019 1222 2083 εἰ

125 2117 158 2182 δέ
188 2117 251 2180 ποό
271 2143 319 2192 τις
348 2116 516 2191 ἀλλοίωσις
542 2116 661 2200 γένοιτο
690 2144 745 2204 πη,
779 2119 815 2181 06
847 2119 954 2216 μέντοι
984 2120 1058 2206 περι
1088 2118 1143 2184 τὸν
1164 2122 1220 2203 τῆς

123 2216 249 2302 φόσεως
271 2215 352 2280 ἀλλὰ
372 2215 447 2300 περι
475 2213 529 2278 τόν
557 2216 613 2279 τοῦ
636 2215 860 2308 ἀλλοιουμένου
892 2219 1012 2304 γίνεται
1034 2218 1220 2304 πρήγματος

116 2315 247 2399 τρόπον.
300 2310 318 2375 ό
348 2312 488 2398 μὲνγὰρ
515 2313 606 2398 λόγος
633 2316 916 2401 μεθαρμοζόμενος
950 2317 1078 2403 φθορὰν
1106 2317 1218 2383 αὐτίκα

74 2413 259 2498 οοπαρέχει
287 2415 328 2497 τῇ
354 2412 463 2497 φύσει,
495 2411 568 2478 ὅδὲ
598 2413 713 2500 τρόπος
743 2418 833 2479 τοῦδ’
866 2414 1032 2499 δπομένων
1050 2421 1217 2500 θαυματο-

118 2518 218 2582 ποιοῦ
241 2517 406 2599 δυνάμεως
429 2515 561 2595 ἔνδειξιν
583 2517 665 2599 ἔχει·
723 2520 778 2580 τοῦ
809 2515 870 2602 γάρ
894 2519 1073 2602 Αἰγυπτίου
1100 2518 1285 2586 Νειλουυ

116 2615 155 2681 τδ
186 2614 275 2703 ὕδωρ
298 2613 376 2699 ὄψιν
402 2618 460 2701 μὲν
492 2618 547 2682 καί
576 2622 697 2703 γεῦσιν
718 2619 819 2682 πάλοιι
850 2617 1143 2704 μεταμεμόρφιυται
1164 2617 1221 2681 καί

118 2717 300 2802 ἠλλοίωται
321 2716 402 2802 πρὸς
424 2719 557 2801 αἳματος
574 2721 695 2804 χρῶμα
716 2715 772 2781 καί
796 2717 926 2801 ἀηδίαν,
947 2717 1003 2801 τήν
1022 2741 1058 2803 γε
1077 2715 1140 2803 μήν
1161 2714 1219 2802 ἀγ-

122 2817 187 2905 ρόν
204 2818 315 2883 τεκαὶ
337 2814 477 2902 ῥέουσαν
498 2816 612 2902 ήκιστα
633 2814 768 2904 ήρνηται
792 2814 906 2903 φύσιν·
951 2818 1007 2882 καί
1025 2814 1046 2901 ή
1058 2815 1219 2901 Βαβυλοό-

120 3121 282 3174 corporeum
300 3106 416 3158 nondum
435 3103 466 3156 ad
486 3099 538 3156 hoc
559 3119 643 3172 usque
664 3111 766 3172 tempus
783 3104 838 3156 ulla
850 3106 953 3158 ratione
965 3105 1085 3172 praedita
1098 3111 1218 3156 creatura

119 3187 168 3245 aut
186 3178 253 3228 dixit
270 3185 315 3228 aut
332 3177 434 3228 audivit
454 3192 568 3243 unquam
587 3184 632 3226 aut
650 3177 765 3244 deniquo
788 3178 927 3245 cogitavit.
964 3192 1053 3244 nequo
1072 3178 1218 3232 increatum

121 3258 150 3302 ct
170 3231 300 3300 inlinit'um
319 3247 375 3298 ulla
394 3249 496 3298 ratione
516 3255 561 3298 aut
585 3246 642 3298 ullo
668 3249 746 3298 modo
774 3248 872 3314 recipit
892 3246 1103 3316 qualemcunque
1121 3254 1218 3298 motum

121 3328 168 3371 aut
187 3315 364 3370 mutationem
377 3319 409 3370 ad
428 3319 591 3382 subiectum,
616 3333 670 3369 non
689 3318 789 3370 habens
813 3319 944 3386 quomodo
970 3326 1084 3369 mutetur
1102 3325 1147 3368 aut
1166 3331 1217 3385 quo

119 3397 271 3442 moveatur.
315 3391 412 3441 etenim
439 3391 548 3441 mutatio
568 3391 599 3440 ad
618 3397 736 3440 naturam
751 3391 846 3440 infiniti
867 3390 941 3440 etad
961 3398 1059 3441 motum
1079 3403 1133 3440 non
1154 3387 1218 3439 laeti

121 3468 169 3513 aut
187 3461 299 3512 variatio
319 3469 364 3512 aut
391 3461 527 3512 distractio
547 3469 633 3524 essct,
659 3461 728 3528 quod
753 3461 810 3511 lieri
831 3476 885 3512 non
910 3468 1015 3526 potest,
1034 3461 1119 3511 omnis
1139 3461 1218 3543 onim,

121 3534 161 3584 ait
179 3532 257 3583 divus
276 3515 412 3595 Maximus,
432 3533 539 3614 propria
557 3533 660 3583 ratione
678 3541 772 3583 natura
798 3531 877 3582 habet
902 3532 1096 3598 perfectionem
1116 3538 1142 3581 et
1159 3531 1218 3596 spi.

119 3602 226 3654 ritualia
243 3611 269 3653 et
287 3603 443 3668 corporalis,
462 3604 520 3653 sive
539 3602 653 3685 simplex
671 3603 730 3654 sive
749 3603 903 3668 composita.
942 3617 1051 3670 qaorum
1065 3602 1135 3652 enirn
1151 3616 1217 3651 cau.

120 3689 168 3727 sae
189 3673 257 3739 apud
276 3674 352 3724 deum
374 3688 433 3723 curn
459 3689 518 3723 csse
538 3674 614 3723 etiam
634 3673 826 3738 perlectionem
845 3681 1021 3738 receperunt,
1041 3687 1130 3724 sorum
1151 3686 1217 3738 pro.

120 3741 194 3811 priis'
207 3745 292 3795 causis
311 3743 455 3794 declinatio
476 3751 502 3793 ct
515 3743 774 3810 transsubstantiatio
792 3743 969 3794 adiectionem
982 3751 1027 3793 aut
1046 3742 1217 3810 omissionem

120 3817 152 3867 ad
173 3831 234 3867 esse
252 3822 382 3882 quatenus
402 3815 517 3864 essentia
536 3815 696 3879 contingunt
713 3828 766 3863 non
785 3814 931 3863 admittunt.
976 3815 1017 3866 siu
1037 3827 1102 3866 vero
1124 3814 1217 3864 varia.
1289 3823 1301 3835 ·

117 3888 157 3938 tio
177 3887 304 3954 quasdam
324 3887 368 3950 fit,
396 3892 469 3936 certe
489 3898 542 3934 non
563 3885 594 3935 ad
619 3893 745 3947 naturas,
763 3884 811 3935 ssd
829 3885 860 3934 ad
876 3885 1025 3934 variandae*
1043 3886 1083 3935 rei
1102 3892 1217 3935 mutata.

117 3959 219 4008 tionem
248 3959 316 4007 ratio
345 3956 414 4006 enlm
440 3963 538 4006 mutata
563 3956 697 4005 interitum
728 3955 815 4005 statim
848 3963 956 4005 naturas
981 3954 1075 4019 affert,
1106 3956 1216 4005 mutatio

119 4044 189 4096 quaa
208 4029 328 4095 sequitur
346 4027 474 4078 mirificae
494 4026 600 4078 virtutis
619 4026 735 4091 speciem
756 4025 844 4076 habet.
881 4026 1010 4094 Aegyptii
1020 4025 1073 4078 llili
1084 4040 1152 4092 aqua
1171 4026 1216 4076 vi.

118 4101 224 4152 sionem
246 4109 273 4151 ct
291 4107 396 4166 gustum
416 4098 479 4149 olim
499 4099 612 4148 mutavit
631 4106 658 4148 et
676 4097 777 4147 variata
798 4104 838 4148 cst
856 4098 883 4147 in
903 4099 1040 4164 sauguinis
1051 4096 1169 4149 colorem
1191 4102 1217 4146 ot

116 4170 271 4236 fastidium·
281 4170 408 4238 liquidam
430 4178 456 4221 et
474 4169 578 4221 fluidam
597 4176 715 4220 naturam
728 4169 833 4219 minime
845 4168 1031 4220 dissimulavit.
1069 4176 1148 4234 atquo
1162 4166 1216 4217 Ba.

114 4241 244 4314 bylonius
262 4243 311 4297 illa
329 4241 446 4294 caminus
464 4242 563 4296 sanctis
582 4241 673 4310 pueris
692 4240 745 4292 viur
764 4255 837 4293 suam
856 4239 1041 4293 vehementem
1059 4238 1216 4306 immutarit,
