2880 4910
236 325 310 407 364
532 336 757 456 memnoni
789 333 1019 404 caumata

236 496 418 586 σννύφειαν
439 495 557 580 μετσξύ
588 497 738 584 σχετικήν
767 499 919 581 οὐδεμίαν
950 497 970 582 ἢ
993 505 1142 582 λεσκστης
1165 493 1232 581 ἔχει
1255 489 1334 576 πρὸς

237 600 272 666 τδ
293 603 489 686 αἰσθητικόν,
511 599 690 683 ὐνσχκσίοος
710 600 923 686 ἐφελκομένην
954 598 993 665 τδ
1012 593 1096 680 ἄκρα
1118 599 1199 683 πρδς
1220 591 1335 679 ἓαονήν
1410 676 1413 680 ¹

240 698 433 788 (ἑτερσχενδς
452 698 513 784 γὰρ
536 696 684 783 ἑκάτερον
700 699 880 788 ἐκατέρου),
902 695 1001 777 οὐτοος
1019 694 1088 765 οὐδ’
1110 703 1179 764 daei
1195 698 1278 780 πρὸς
1300 696 1333 760 τὸ

81 794 85 802 ’
169 820 225 874 Ιὸ
237 807 292 888 τής
313 803 426 877 οὐσίας
439 801 558 887 ὐμερὲς
577 803 613 868 τύ
629 797 731 888 ἥκιστ’
751 799 838 886 ἔχειν
852 803 1021 877 οὐσιοδδεις
1034 802 1204 886 διαφοράς.
1227 796 1335 862 ἔπειτα

181 931 186 952 ·
237 907 292 969 καί
312 902 370 990 τήν
390 907 482 970 θείαν
506 896 619 968 οὐσίαν
643 906 812 989 διαφέρειν
831 898 1004 990 φδσκσντες
1023 903 1087 967 τούν
1103 925 1137 966 τε
1157 901 1358 982 &pampineo

236 1003 292 1070 κού
311 1003 532 1088 ὐπερκοσμίοιν
566 1007 676 1070 πασοῑν
707 1006 841 1084 οὐσιῶν,
860 1003 989 1090 οὐδαμῇ
1013 1006 1057 1090 τῷ
1084 1002 1203 1086 ταύτης
1223 1002 1340 1080 ὐμερεῖ

236 1108 446 1189 ἐνοχλοῦμεν·
489 1107 608 1189 τούτης
628 1105 690 1189 γὰρ
722 1105 759 1191 τὸ
779 1106 896 1187 ὐμερδς
924 1104 964 1178 οὐ
986 1100 1068 1169 aar&
1092 1099 1151 1194 τύς
1169 1105 1204 1166 ὐν
1226 1097 1334 1184 κόσμῳ

234 1204 352 1282 ταύεας
373 1201 515 1288 ὐτδμσσς
536 1209 622 1272 ἐστίν
644 1207 758 1282 οὐσίας
779 1207 920 1292 (ἠλίθιον
941 1202 1004 1289 χύρ
1025 1204 1082 1270 καί
1099 1212 1181 1270 νοεῖν
1203 1204 1261 1266 καί
1282 1203 1335 1264 λί-

233 1331 300 1391 χειν
327 1305 446 1392 τουτί),
479 1309 548 1372 dtt’
582 1302 631 1374 δτι
653 1305 823 1388 σ’σοδμστδν
842 1329 876 1372 τε
904 1309 960 1372 καί
979 1300 1094 1402 δοχκην
1120 1304 1176 1369 καί
1195 1292 1335 1385 ἄναρχον

235 1408 290 1473 καὶ
312 1407 549 1491 οἶπερίχραπεον
577 1410 633 1472 καί
662 1403 858 1490 ὐπερσύσισν
891 1411 946 1472 καί
968 1404 1093 1472 πάντων
1123 1400 1237 1491 ήκισεα
1263 1401 1332 1485 δρι-
1345 1416 1376 1470 10

234 1494 327 1587 σμοῖς
345 1510 401 1572 καί
420 1515 586 1591 μερισμοῖς
602 1516 759 1591 τεχνικοῖς
782 1504 968 1587 ὐποπίπτον,
981 1505 1062 1590 πλήν
1083 1507 1114 1572 εί
1132 1501 1177 1590 μή
1201 1501 1256 1568 διὰ
1278 1501 1335 1586 τήν

236 1610 281 1694 τῷ
306 1607 384 1695 θείρι
407 1611 567 1697 Βασιλείφ
589 1604 939 1694 σσχκστσβσιτικιδτερσν
961 1611 1020 1691 μίν
1039 1633 1109 1675 τινα
1129 1607 1255 1690 τρόπον,
1276 1608 1336 1685 ὐμ-

235 1703 424 1794 φιλοσδφονς
445 1710 474 1772 δ’
497 1701 554 1772 οὐν
576 1707 632 1773 καί
651 1713 718 1773 κατ’
738 1706 914 1794 ἐπιστήμην
932 1707 1172 1796 ἐξενηνεχμίνην
1185 1710 1336 1792 σ’ποφσν-

233 1805 323 1891 τικήν
351 1807 467 1899 ῥῆσιν,
498 1808 541 1884 οδς
564 1809 619 1874 ἕπε’
646 1816 702 1894 τής
722 1811 825 1897 δσλής
846 1813 903 1875 καί
921 1809 1096 1892 σ’σοιμοῖτσο
1123 1809 1252 1895 φύσεσς
1280 1805 1336 1873 τύν

236 1905 333 1972 αὐτὸν
356 1907 375 1991 ἦ
399 1907 495 1975 οὐσία
515 1911 555 1998 τῇ
578 1910 718 2000 ἐνεργείηι
738 1914 867 1992 δέχεται
886 1908 1001 1995 λόγον,
1023 1910 1105 1997 φαίη
1126 1933 1174 1984 τις
1196 1903 1238 1973 ὐν
1261 1905 1336 1992 δρι-
1346 1917 1375 1972 15

109 2008 366 2090 δεδημζδμενος
385 2008 429 2084 οδς
451 2009 583 2094 προῑχμοὶ
605 2033 638 2094 γε
659 2009 708 2094 εἴη
730 2010 962 2095 αὐθύπαρκτον
993 2011 1012 2095 ή
1035 2012 1129 2076 οὐσιόι
1147 2010 1192 2095 μή
1216 2012 1336 2090 δεόμε-

170 2120 289 2174 'Osos
315 2105 424 2191 ἑτέρον
453 2107 531 2192 πρὸς
565 2107 729 2188 σύσεασςν.
786 2115 889 2202 ἐκείνη
921 2111 982 2197 χύρ
1017 2112 1097 2199 μόνῃ
1125 2114 1164 2198 τῇ
1186 2112 1261 2198 δείφ
1280 2113 1337 2176 καί

237 2209 439 2298 δπδσσσεύτη
469 2209 569 2298 pelosa
593 2209 649 2276 τδν
682 2216 826 2278 τοιοῦτον
857 2210 1029 2298 προσήκειν
1059 2214 1167 2298 φαμὲν
1190 2209 1338 2293 δρισμδν,

234 2305 327 2398 {cipp
350 2312 379 2376 d‘
402 2311 536 2403 οὐδεμιᾷ
557 2337 622 2378 τοον
642 2315 775 2378 κτιστοῑν
803 2308 944 2379 ducenis.
994 2309 1142 2378 σύνθετοι
1161 2308 1223 2395 γύρ
1246 2307 1337 2375 ὐπο-

234 2437 302 2493 σσι,
325 2414 388 2478 πᾶν
404 2413 440 2478 δὲ
462 2413 616 2478 σύνθετον
649 2415 684 2477 ἐκ
705 2411 874 2500 διαφόρων
895 2410 963 2496 ἔχει
984 2409 1018 2478 εὐ
1040 2404 1143 2478 εἶναι·
1185 2401 1240 2496 'pla
1259 2406 1373 2482 ἕνα-νο

233 2539 294 2580 στα
315 2516 419 2578 δεῖται
435 2511 592 2599 σ’λλήλοον.
643 2517 701 2578 οὐκ
723 2508 763 2578 ὐν
784 2506 840 2579 οὐκ
862 2515 995 2578 σ’νενδεύ
1016 2510 1066 2596 εἴη
1097 2504 1170 2576 οὐτε
1190 2507 1230 2576 εὐ
1251 2514 1329 2594 μίρη

234 2607 308 2680 οὐθ’
329 2609 402 2678 ὅλον
423 2617 457 2692 ἐξ
479 2615 594 2682 ἐνδεῶν
614 2612 907 2699 συμπληρούμενον.
932 2612 935 2626 ’
959 2617 1050 2700 σοφή
1079 2609 1142 2696 χεὶρ
1171 2609 1230 2696 τήν
1251 2608 1326 2674 siud-

233 2718 331 2796 δειξιν
349 2713 419 2799 ἔχει
437 2718 496 2780 τού
529 2714 605 2802 πρὶν
635 2720 692 2803 τής
713 2711 854 2782 ἔκδοτον
877 2713 1006 2780 ἐκείνων
1027 2712 1211 2800 προσθήκης
1232 2711 1331 2785 ἐνδεὲς

234 3022 449 3077 coniunctionem
473 3037 544 3093 qnae
572 3038 672 3078 summa
689 3022 738 3077 illa
756 3039 806 3093 per
832 3008 862 3079 sa
880 3023 914 3077 ad
932 3034 1040 3077 sensnm
1057 3020 1146 3075 trabat
1160 3017 1264 3073 nullam
1283 3019 1336 3072 bs.

232 3095 300 3161 bet,
325 3095 461 3149 diversunt
481 3096 552 3148 enim
568 3104 728 3166 utrumque,
754 3098 792 3148 ita
810 3111 899 3164 neque
918 3095 952 3149 ad
970 3093 1152 3148 essentialiter
1169 3091 1336 3159 impartitum
1437 3127 1438 3150 ς

233 3181 293 3219 esse
311 3174 416 3234 spectat
433 3167 542 3218 minime
563 3166 664 3219 bebere
692 3167 851 3220 essentiales
877 3169 1033 3220 varietates.
1069 3166 1132 3218 dein
1149 3165 1267 3217 divinans
1288 3178 1336 3216 es-
1437 3161 1438 3181 ¹

232 3238 344 3291 sentiam
371 3239 480 3290 differre
508 3239 628 3290 dicentes
645 3239 678 3292 ab
698 3238 863 3292 naturalibus
892 3247 919 3290 et
943 3234 1190 3305 supernaturalibus
1210 3233 1336 3286 omnibus

206 3335 210 3342 ·
233 3309 373 3373 essentiis,
394 3310 513 3361 eiusdem
533 3310 692 3375 impartitum
713 3311 819 3361 minime
837 3311 990 3377 premimus.
1032 3308 1194 3375 impartitum
1220 3312 1336 3357 estnon

232 3380 377 3431 seeundum
398 3379 445 3430 bas
466 3379 493 3430 in
513 3382 610 3432 mundo
630 3380 805 3433 elementales
828 3383 966 3434 essentias.
992 3379 1163 3432 stultumsest
1182 3377 1234 3428 hoo
1252 3375 1335 3444 cogi.
1436 3419 1437 3446 η

231 3459 290 3503 tare
309 3457 354 3501 aut
376 3451 483 3513 dicere,
501 3451 549 3503 sed
568 3452 638 3520 qnod
657 3451 845 3520 incorporeum
864 3460 891 3504 et
910 3451 1085 3504 immateriale
1104 3458 1131 3502 et
1147 3458 1284 3501 aeternum
1305 3454 1337 3496 et

231 3521 397 3574 indefinitum
420 3528 447 3572 et
459 3523 716 3588 supersubstantiale
735 3531 763 3574 et
779 3522 863 3574 nullis
885 3525 992 3577 omnino
1014 3522 1156 3586 linibuset
1174 3520 1239 3573 artis
1256 3517 1335 3571 divi.

231 3591 352 3645 sionibus
372 3593 516 3645 obnoxium
536 3602 586 3646 est.
622 3595 675 3646 nisi
694 3601 803 3661 propter
823 3594 1029 3660 explicationem
1048 3594 1080 3646 ll.
1094 3591 1187 3646 Basilii
1205 3591 1239 3642 ad
1267 3589 1335 3656 pbi-

231 3661 384 3729 losopblam
405 3671 432 3716 et
449 3665 595 3717 doctrinam
614 3668 699 3734 magis
717 3667 957 3730 accommodatam,
976 3667 1003 3718 in
1022 3664 1139 3732 simplici
1157 3671 1184 3715 et
1201 3664 1334 3727 incorpo-

231 3749 278 3785 rea
303 3743 398 3788 natura
427 3737 569 3790 essentiam
591 3739 701 3789 eandem
721 3738 749 3788 vi
768 3752 816 3789 sua
835 3737 1017 3788 definitionem
1036 3738 1180 3802 accipere,
1199 3734 1334 3802 quispiam

143 3815 146 3820 '
231 3805 387 3858 deliniturus
407 3805 525 3870 dixerit,
549 3810 691 3860 essentiam
713 3823 774 3860 esse
792 3824 848 3859 rem
867 3824 916 3876 per
934 3825 964 3860 se
984 3808 1153 3870 existentem,
1171 3820 1226 3857 non
1243 3804 1334 3855 altero

154 3897 159 3910 ¹
231 3876 264 3927 ad
285 3878 453 3930 existentiam
472 3893 539 3944 opus
558 3879 710 3931 habentem.
754 3880 805 3932 soli
827 3882 897 3931 enim
924 3879 1033 3932 divinae
1050 3878 1092 3930 illi
1112 3885 1140 3928 et
1159 3875 1335 3942 simplicissi-

230 3962 290 3998 mae
308 3955 419 4000 nsturae
437 3948 518 4000 talem
542 3966 602 4002 esse
620 3947 791 4002 definitoriem
805 3951 927 4015 dicimus,
944 3950 1023 4003 alteri
1043 3950 1160 4001 omnium
1181 3954 1334 4000 creatorum

231 4016 310 4072 nulli.
356 4021 519 4086 compositae
549 4022 618 4072 esim
647 4035 748 4073 omnes.
791 4036 870 4074 omne
887 4030 977 4074 autera
1003 4021 1179 4088 compositum
1197 4017 1334 4069 exactiis

231 4088 401 4154 hebetasse,
420 4090 535 4143 alterum
555 4091 641 4145 altero
661 4092 774 4160 indiget.
810 4108 865 4145 non
885 4094 968 4163 igitur
988 4106 1043 4145 nen
1061 4092 1169 4159 indigae
1187 4096 1249 4142 sunt
1268 4103 1334 4154 par-

232 4168 273 4212 tes
293 4175 344 4214 nec
363 4170 447 4215 totunr
467 4176 501 4213 ex
519 4163 617 4232 indigis
636 4165 822 4231 compositum.
851 4173 971 4231 apertum
991 4165 1060 4215 enim
1078 4169 1263 4230 argumentum
1281 4159 1333 4209 ha.

232 4229 289 4298 bet,
306 4247 338 4288 se
355 4241 435 4288 οοιεο
454 4234 570 4287 omniun
589 4233 699 4290 illorum
717 4237 882 4292 accessionis
901 4233 985 4290 luisse
1003 4235 1122 4304 indigum
1145 4241 1172 4287 et
1189 4229 1268 4288 sinui
1286 4230 1333 4284 in-
