2992 4918
260 298 543 372 armemur
572 296 829 380 emturum
853 301 947 372 xxv.
966 287 1033 372 11.
1179 295 1228 370 as

112 466 180 534 τοῖς
206 461 359 543 ευσεβείν
382 466 561 530 ἐθέλουσιν·
606 461 665 529 ὅσα
691 467 719 530 δ’
744 471 788 542 εἰς
807 465 881 540 τους
903 459 1150 550 δημιουργικους
1168 463 1231 526 ¹5⁷

115 549 217 622 όντων
239 560 343 644 ὑγιῶς
366 564 532 656 ἐπορεύετο
552 561 678 647 λόγους,
703 570 805 631 ταῦτα
830 568 860 629 δ’
880 567 1024 647 ἀσμένως
1047 559 1229 628 παντόπασι

115 657 204 736 μάλα
231 666 393 779 προσίετο.
448 657 576 728 κόκείνα
608 667 643 729 δὲ
675 668 733 749 τοῦ
766 664 811 749 μὴ
841 661 1067 730 κλονεῖσθαι“
1050 686 1140 728 ενεκα
1163 669 1228 735 τοῖς

117 763 193 841 περί
228 759 269 825 τό
305 763 435 829 τοιαῦτα
467 773 604 846 κομψοῖς
637 768 699 830 τῶν
722 767 790 830 ἐκεῖ
815 770 984 850 Λατίνων,
1005 766 1062 845 ξόν
1084 788 1117 846 γε
1140 762 1227 850 αὐτῷ

91 855 203 946 ὓᾷηγί,
225 866 284 929 οὐκ
306 869 575 952 ε’ρραθυμημένην
593 865 663 932 τινό
688 867 743 950 τήν
763 867 963 955 σπουδὴντρῖ
984 868 1093 956 τοιῷδε
1116 859 1227 928 διδόν-

117 987 181 1026 των
202 969 296 1050 μέρει
318 971 374 1050 τῆς
395 971 524 1052 τέχνης,
563 964 620 1033 tiss
643 973 744 1053 α’γχου
781 971 842 1035 τῶν
867 972 1052 1052 Αἰγυπτίων
1079 964 1228 1052 Ἀράβων

118 1056 236 1144 όντων,
268 1067 325 1132 καί
350 1067 454 1152 συχνοὶ
495 1072 550 1134 καί
576 1069 756 1136 διαπόντιον
787 1069 819 1146 ἐς
839 1072 895 1136 τόν
925 1068 1009 1156 ῥῆμα
1038 1066 1096 1153 τὴν
1117 1060 1227 1152 ἄφιξιν

118 1173 323 1249 ποιουμένων
344 1173 469 1252 λογικῆς
483 1194 516 1234 τε
533 1169 660 1249 ὁμιλίας
679 1175 768 1235 ἓνεκα
787 1175 841 1236 καί
862 1168 928 1251 ἅμα
946 1171 1138 1256 φιλοτιμίας,
1160 1193 1228 1248 μα-

118 1267 196 1350 κρόν
223 1270 455 1355 ἑπισυρομένης
476 1271 511 1334 τό
539 1270 743 1336 ἐπιδεικτικὸν
765 1269 1080 1354 Ἁρόβωνόκείνων,
1101 1259 1145 1332 ὧν
1169 1265 1226 1331 τόν

73 1364 247 1436 ίθόῖπαντα
270 1373 342 1450 βίον
364 1375 551 1456 ἄπασχολεῑ,
573 1369 648 1438 εἴτί
668 1395 729 1436 που
752 1375 806 1457 τῆς
828 1371 927 1436 πόλαι
944 1371 1130 1450 Χαλδαϊκὴς
1153 1370 1224 1431 ἐπι-

115 1465 242 1554 στήμης
267 1473 465 1537 ἐλλέλειπται
487 1476 665 1555 σωζόμενον
685 1470 732 1539 ἔτι
756 1482 895 1560 σημεῖον.
937 1471 1074 1559 ἔφασκον
1096 1468 1155 1553 γὰρ
1180 1467 1223 1544 σός

116 1569 188 1636 ἐπεί
208 1568 249 1636 τό
270 1571 332 1636 όπό
355 1577 475 1656 γένεσιν
496 1572 595 1640 πιόντα
608 1579 664 1639 καί
686 1579 800 1662 φθίσιν
818 1580 856 1663 τῇ
867 1578 928 1640 τεόν
950 1572 1108 1654 ου’ρανίων
1132 1568 1234 1646 sioso'-¹

116 1697 185 1758 τητι
209 1674 266 1736 καί
286 1673 403 1759 κινήσει
436 1676 572 1760 πάσχειν
593 1701 625 1742 τε
643 1681 699 1742 καί
720 1680 950 1743 εἰδοποιείσθαι
979 1670 1055 1759 πρός
1082 1674 1138 1739 τοῦ
1164 1673 1225 1756 δη-

116 1773 374 1858 μιουργόσαντος
396 1772 533 1902 ρόριστο,
563 1782 614 1843 καὶ
645 1787 709 1854 τοῖς
731 1781 857 1842 ἐκείνων
889 1783 1163 1860 συσχηματισμοῖς
1190 1795 1223 1837 τε

74 1891 107 1944 15
116 1899 169 1937 και
193 1886 266 1950 ταῖς
277 1901 356 1961 προς
367 1903 515 1960 ταπιγεια
534 1877 770 1944 συνοικειοόσεσι
791 1878 825 1944 τό
850 1875 923 1964 ρὲον
943 1880 998 1996 τοῖς
1011 1875 1120 1958 όλικῆς
1133 1871 1225 1937 ποιό-

116 1997 210 2060 τητος
234 1970 301 2042 οἷον
325 1983 545 2060 νομοθετειταί
564 2003 598 2043 τε
622 2004 674 2042 και
672 1974 902 2064 ρυθμίζεται,
920 1977 1039 2060 α’νόγκη
1059 1974 1104 2058 μὴ
1127 1971 1225 2039 θότε-

114 2100 171 2195 ρον
191 2079 253 2158 μὲν
275 2080 392 2143 εἰδέναι
414 2104 485 2163 περι
500 2105 616 2153 παντος
633 2084 806 2161 ποιεισθαι,
827 2076 1006 2198 θότερρνδ
1023 2070 1073 2140 οό.
1117 2069 1221 2156 ἤγόρ
1251 2083 1255 2090 ’

116 2171 156 2240 όιν
176 2176 286 2261 χωλόν
300 2183 446 2261 βαδίσειε
466 2183 574 2264 τρίβον
591 2183 646 2264 τῆς
667 2177 840 2265 επιστὴμης
864 2175 899 2255 ὃς
922 2172 962 2244 όιυ
984 2176 1061 2260 μήτε
1082 2199 1124 2261 τῳ
1110 2177 1223 2238 θεω-

114 2282 234 2369 ρητικῷ
256 2277 425 2347 συνάπτειν
463 2280 558 2370 ἐθέλῃ
582 2278 615 2348 τό
640 2279 812 2364 πρακτικόν
837 2277 910 2366 μήτ’
944 2272 986 2344 αό
1009 2281 1089 2342 θατέ
1091 2272 1222 2366 ρφθό-

68 2389 222 2464 λθτερου.
267 2384 324 2466 τῆς
357 2383 417 2468 γάρ
443 2406 492 2447 τοι
516 2383 710 2510 φιλοροφίας
741 2378 773 2446 ἐν
794 2390 858 2458 τοῖς
886 2383 961 2446 δυσί
982 2375 1103 2457 τοότσις
1124 2375 1222 2443 ειδεσι

116 2483 365 2568 θεωρουμένης,
401 2483 559 2571 σχολῇ’
531 2509 549 2603 ρ
590 2475 628 2547 όιν
650 2481 742 2560 τοός
759 2481 870 2567 λόγους
902 2484 990 2567 γνοίη
1025 2484 1086 2546 coir
1116 2469 1222 2603 όντων,

117 2582 236 2644 πολλοό
261 2578 332 2644 δ’
315 2577 354 2647 σόν
377 2585 442 2648 δεῖν
467 2585 547 2650 κατό
568 2581 603 2649 τό
631 2586 751 2658 ἐντελὲς
786 2586 941 2669 κληθῆναι
973 2579 1090 2668 σοφόν,
1121 2606 1144 2672 φ
1175 2575 1220 2664 μὴ

119 2863 265 2930 praelixam
284 2862 467 2931 egrediuntur,
486 2877 518 2914 ea
536 2861 709 2915 aversabatur
738 2869 766 2914 et
787 2859 986 2915 abominabatur
1009 2869 1039 2914 ut
1061 2861 1106 2928 pie
1124 2862 1220 2914 rivere

120 2931 278 2986 volentibus
296 2931 462 2998 insalubria3
481 2949 659 3002 quaecunque
678 2941 771 2986 contra
788 2933 822 2985 ad
840 2935 1140 3000 rerumrationesatqus
1153 2947 1220 2984 can.

118 3020 163 3058 sas
180 3005 274 3059 sobrie
292 3013 373 3073 atque
390 3005 525 3056 moderate
544 3005 708 3074 indagandas
725 3005 871 3072 pertinent,
891 3019 923 3056 ea
941 3004 1219 3056 lubentissimeadmi.

118 3078 154 3128 sit
173 3091 206 3130 eo
228 3075 335 3144 quidem
355 3074 489 3140 consilio,
509 3091 544 3127 ne
563 3076 767 3129 conturbaretur
784 3076 898 3144 argutiis
916 3076 1083 3140 Latinorum,
1110 3075 1155 3142 qui
1180 3074 1218 3125 ibi

118 3148 252 3212 incolunt,
273 3157 300 3198 et
318 3148 391 3215 regis
411 3147 506 3214 ipsius,
526 3149 572 3217 qui
590 3150 618 3200 in
636 3148 686 3200 hac
706 3149 846 3201 doctrinae
866 3156 942 3215 purte
962 3161 1016 3198 non
1035 3147 1219 3216 levemqnan.

117 3220 175 3271 dam
196 3227 277 3286 atque
296 3220 457 3271 mediocrem
469 3233 577 3284 operam
595 3221 740 3284 insumunt,
761 3221 859 3287 qnippe
883 3219 1097 3288 quumAegyptii
1115 3217 1219 3276 Arabes

118 3306 151 3342 ex
169 3291 321 3358 propinquo
341 3289 435 3341 crebro
454 3290 486 3341 ad
507 3305 598 3360 regem
617 3306 665 3357 per
682 3306 755 3343 mare
773 3291 975 3356 proficiscantur
993 3290 1087 3342 doctae
1098 3290 1219 3356 disputa.

116 3362 197 3414 tionis
212 3369 239 3412 et
257 3361 409 3412 ambitionis
428 3376 516 3426 cansa,
535 3376 588 3414 non
613 3363 671 3414 sine
696 3377 791 3430 magna
814 3360 862 3412 illa
886 3363 1065 3414 ostentatione
1084 3360 1218 3425 Arabum,

119 3433 164 3500 qni
185 3440 268 3484 totum
288 3433 368 3484 vitam
388 3433 415 3482 iu
436 3447 468 3483 eo
488 3433 737 3498 ponuntstudium,
757 3442 786 3484 ut
805 3433 946 3500 indagent,
972 3433 994 3483 si
1020 3433 1090 3502 quod
1116 3433 1216 3484 veteris

119 3503 280 3558 chaldaicae
299 3503 436 3554 doctrinae
454 3502 540 3556 adhuc
561 3504 704 3571 vestigium
723 3512 856 3556 servetur.
894 3503 1018 3556 dicebant
1038 3505 1118 3568 euim,
1138 3518 1218 3572 quum

118 3575 150 3626 ab
172 3574 271 3642 opifice
290 3574 426 3626 delinitum
446 3582 527 3638 esset,
546 3583 575 3626 ut
593 3576 690 3640 omnia,
711 3591 779 3642 quae
800 3574 921 3625 oriuntur
942 3583 968 3626 et
985 3575 1131 3640 intereunt,
1151 3589 1217 3626 coe-

119 3646 226 3698 lestium
250 3647 365 3698 siderum
390 3643 519 3713 qualitate
545 3654 571 3698 et
590 3654 663 3697 motu
689 3645 861 3698 efficerentur
888 3653 914 3696 et
937 3646 1113 3698 formarentur
1139 3654 1219 3712 atque

120 3733 210 3770 eorum
230 3715 457 3769 collocationibus
476 3733 507 3768 ac
526 3718 688 3800 rationibuu
704 3732 773 3786 quae
792 3718 825 3769 iis
855 3725 914 3767 curn
944 3716 1023 3769 rebus
1048 3715 1219 3768 terrestribus

118 3789 327 3852 intercederent,
349 3785 447 3838 flumen
466 3789 594 3840 materiae
614 3790 690 3855 quasi
709 3787 814 3856 legibus
834 3795 975 3856 regeretur
994 3786 1219 3840 etmodnlateor-

117 3861 267 3924 dicaretur,
285 3873 452 3927 nequaquam
471 3857 549 3912 nobis
568 3860 725 3912 studendum
744 3875 814 3924 esse,
835 3867 864 3910 ut
881 3858 968 3910 altero
993 3858 1119 3928 neglecte
1147 3858 1219 3910 alte.

117 3947 172 3983 rum
201 3938 304 3983 tantum
329 3944 562 3997 cognosceremus.
607 3946 713 3982 caecam
738 3931 807 3981 enim
831 3931 960 4013 quandam
985 3930 1123 3982 doctrinae
1148 3929 1220 3984 viam

118 4002 241 4072 ingredi,
262 4003 309 4070 qui
334 4016 385 4052 uec
409 4016 467 4052 cum
494 4000 679 4084 speculatione
705 4003 799 4067 praxim
829 4002 994 4072 coniungere
1019 4000 1105 4053 vellet
1130 4015 1219 4069 neque

118 4091 174 4126 cum
201 4073 290 4126 altero
311 4071 432 4124 alterum.
471 4088 549 4140 quum
577 4074 646 4123 enim
672 4073 699 4122 in
718 4072 819 4124 duobus
839 4071 914 4125 hisce
931 4070 1075 4156 generibus
1093 4071 1219 4152 pbiloso-

117 4146 195 4213 pbiae
218 4142 410 4210 contemplatio
431 4151 600 4209 versaretur,
627 4158 686 4193 eum
705 4142 773 4195 haud
792 4159 857 4196 sane
875 4160 963 4196 rerum
985 4145 1103 4197 rationes
1122 4143 1219 4225 cogui-

115 4225 203 4272 turnm
222 4213 375 4268 etmultum
388 4211 493 4279 abesse,
515 4222 544 4267 ut
555 4215 690 4282 perlectus
710 4215 816 4282 sapiens
831 4214 961 4284 appellari
981 4223 1083 4282 posset,
1102 4214 1147 4284 qui
1164 4225 1219 4264 nou

205 4323 373 4396 Niespbom
398 4324 508 4395 (ἕτερον.
535 4322 589 4378 Vol.
608 4323 663 4378 111.
1022 4325 1039 4378 θ
