2952 4902
258 243 329 329 tol
423 235 426 243 ’
554 255 779 324 urmnnmu
809 205 1039 322 aaronita

255 425 311 490 κατ’
329 426 391 488 τοῖν
413 423 561 488 ἐναντίων
583 412 883 505 αόθιςόντερτόροις
910 421 1057 502 γίνεσθαι
1078 420 1262 483 καθιστατο.
1305 414 1362 483 καί

256 527 308 592 ἵνα
328 524 404 600 τοός
424 523 521 586 πάλαι
544 520 775 603 καταλίπωμεν,
798 516 860 602 όρα
883 543 939 600 μοι
954 523 1197 584 Κωνσταντῖνσν
1221 517 1277 584 τόν
1299 523 1361 600 μί-

255 649 314 711 γαν
344 628 377 690 όν
410 625 615 708 βασιλεῦσιν,
652 613 677 711 ᾧ
707 621 742 686 τό
778 627 842 686 ταῖν
862 621 1083 703 ψευδωνύμων
1117 623 1214 701 σέβας
1235 619 1283 694 εἰς
1303 621 1360 702 τόν

256 727 363 812 α’ληθῆ
383 726 600 808 μετενεγκόντα
620 722 698 788 θεόν
718 713 859 799 πλείονος
893 717 914 808 ἢ
947 719 1027 787 κατά
1056 718 1176 795 πάντας
1196 718 1272 796 τούς
1296 719 1359 805 πρό
1411 734 1414 739 “

256 829 359 892 ου’τοῦ
383 826 535 911 βασιλέας
570 816 665 906 ἄρξαι
685 829 789 909 γέγονε
817 829 883 909 γῆς.
937 823 1016 888 α’λλό
1051 831 1114 899 τοῖς
1144 830 1212 904 μετ’
1232 823 1385 902 ‚tuernout

208 999 210 1003 ,
255 928 358 1006 ου’θός
379 921 498 1010 όιρξασί
514 951 547 992 τε
570 929 625 990 καί
639 929 829 1010 ἀρξαμένοις
845 924 903 1003 τάς
925 922 1062 1010 αἱρέσεις
1078 922 1155 988 κατό
1176 927 1239 988 τῶν
1260 926 1360 991 θείων

256 1027 420 1112 δογμάτων
442 1025 582 1111 εἰσάγειν
605 1031 661 1112 τῆς
677 1034 820 1109 πίστεως,
845 1031 899 1092 κατ’
918 1024 993 1091 θεὸν
1015 1031 1172 1112 ἐπιορκεῖν
1193 1019 1228 1088 δν
1249 1016 1360 1106 όκροις

255 1126 394 1216 ἔφασκον
417 1133 522 1212 σέβειν
536 1137 599 1206 τοῖς
608 1129 758 1209 χειλεσιν,
780 1125 881 1204 εόθός-
903 1131 957 1192 καί
976 1126 1012 1191 τό
1030 1131 1085 1210 τῆς
1107 1127 1209 1209 α’ρχῆς
1236 1125 1357 1209 ἐκείνης

255 1229 317 1294 rinei
351 1233 414 1295 τάν
443 1232 570 1316 ἐχθράν
597 1233 699 1316 ἠρέμα
723 1235 777 1295 κατ’
804 1228 884 1294 κατά
911 1229 1024 1316 μικρὸν
1047 1231 1241 1315 ζημιοῦσθαι
1263 1227 1359 1290 συνέ-
1448 1261 1450 1268 ·

253 1338 345 1416 βαινε
367 1337 512 1416 μέγεθος.

190 1437 244 1496 88
321 1433 437 1499 «Ἀλλ’
468 1429 485 1493 ό
517 1431 637 1518 μακρός
666 1436 825 1514 ἐπιλείψει
850 1455 894 1514 με
924 1428 1038 1516 χρόνος
1070 1432 1214 1495 παλαιῶν
1246 1452 1280 1494 τε
1304 1427 1361 1494 καί

254 1538 333 1600 νέων
352 1533 590 1616 ὑποδειγμάτων
610 1537 793 1618 μεμνῆσθαι
815 1533 895 1617 πρός
915 1534 972 1616 την
997 1534 1059 1598 τῶν
1081 1534 1254 1618 εἰρημένων
1276 1528 1359 1616 α’λή-

233 1633 349 1700 ’θεταν
368 1639 512 1700 θέλοντα.
554 1640 648 1701 τοῦτο
670 1639 699 1699 δ’
711 1638 751 1700 ου’
765 1638 847 1701 πάνυ
867 1663 897 1700 τι
919 1643 1098 1718 συγχωρεῖν
1118 1633 1174 1718 τὴν
1193 1636 1250 1715 τῆς
1271 1631 1359 1699 ἱστο-

257 1759 329 1820 ριας
360 1731 527 1822 ἁπλότητα.
583 1736 632 1799 διό
673 1745 738 1812 τοῖς
774 1732 921 1823 ῥηθεῖσιν
949 1738 1046 1799 ἐκεῖνο
1071 1732 1169 1815 μόνον
1203 1738 1358 1814 προσθείς

257 1833 489 1917 άπαλλάξομαι.
533 1843 652 1918 μαθεῖν
671 1835 731 1922 γάρ
747 1836 906 1921 ἑζητὴκεις
928 1837 983 1901 καί
1003 1829 1088 1910 ὅπως
1107 1838 1169 1900 τῶν
1190 1837 1357 1917 προσεχοός
1369 1843 1398 1913 1'5

255 1939 311 2018 τῆς
334 1939 445 2011 κακίας
467 1938 575 2003 αἰτίων
594 1935 756 2023 όρχόντονν
779 1933 892 2022 ἥκιστα
920 1935 1108 2019 πασχόντων
1129 1936 1239 2018 ἐνίοτε,
1261 1935 1359 2015 μόνον

256 2035 468 2120 πολυτρόποις
498 2041 678 2104 δαπανᾶται
713 2037 831 2104 πάθεσι
860 2038 895 2103 τό
920 2038 1071 2123 tutanos,
1093 2036 1213 2123 μικρόν
1235 2028 1358 2120 ἴσωςῆ

254 2137 413 2226 μηδεμίαν
441 2134 552 2225 ἓτόραν
584 2144 899 2224 συνεισενεγκάμενυν
930 2140 976 2205 τό.
1002 2139 1155 2226 παράπαν
1185 2135 1269 2220 πλὴν
1299 2142 1357 2201 roo*

135 2258 139 2267 '
236 2242 432 2305 ’συνειδέναι
453 2246 508 2306 καί
529 2251 791 2324 συμπαρανομεῖν
820 2242 876 2332 διό
902 2241 1014 2329 φόβον.
1071 2242 1220 2326 φαίνεται
1251 2243 1357 2312 τοίνυν

255 2335 299 2417 οῖς
320 2365 354 2424 γε
377 2344 439 2408 τῶν
461 2330 559 2408 πάλαι
580 2348 699 2426 βίβλων
722 2341 755 2408 αἱ
777 2349 903 2419 πλείους
931 2343 970 2406 ori
990 2339 1109 2426 μικράς
1130 2343 1272 2406 συνιέναι
1294 2361 1398 2417 nor-20

254 2448 370 2527 ρόσχον
399 2443 456 2520 τός
477 2436 647 2529 άφορμάς,
681 2446 737 2509 καί
763 2440 831 2528 όμα
860 2448 879 2530 ἦ
900 2445 1029 2530 χρόνιος
1061 2444 1149 2526 ἡμῶν
1174 2437 1260 2516 ὅπως
1280 2444 1357 2506 ποτὲ

253 2546 398 2608 πέπεικεν
426 2546 591 2631 ἐμπειρία,
623 2547 667 2622 τός
697 2538 742 2621 οἷς
771 2550 833 2611 τεόν
861 2545 1019 2632 ἡγεμόνων
1048 2544 1128 2630 μήτε
1160 2549 1224 2608 πᾶν
1238 2541 1279 2608 τό
1303 2546 1358 2628 τῆς

254 2645 360 2720 αἰτίας
382 2636 529 2731 ἄντικρυς
552 2647 675 2713 α’νεῖται
695 2649 728 2723 ός
749 2653 862 2714 κακίαν
886 2647 1062 2731 ἐνδόσιμον,
1080 2655 1151 2722 ταῖς
1172 2669 1206 2711 τε
1227 2669 1358 2732 συμφο-

252 2957 302 3014 λνατ
323 2967 408 3013 erant.
450 2969 531 3030 atquo
559 2970 589 3014 nt
620 2970 713 3030 vetera
744 2962 893 3033 omittamus
918 2959 1118 3016 Constantinum
1137 2959 1260 3032 blagnnm
1286 2963 1356 3016 inter

252 3031 429 3098 imperatores
450 3035 623 3097 consideres,
642 3049 759 3101 quaeso,
780 3035 838 3097 cui,
858 3049 938 3100 quum
957 3033 1055 3086 cultum
1074 3033 1199 3097 deorum,
1222 3048 1275 3101 quo
1293 3036 1356 3102 qui.

252 3103 311 3155 dem
329 3106 438 3155 nominc
457 3119 598 3171 perperam
627 3104 863 3170 nuncupabantur,
891 3106 922 3156 ad
943 3121 1034 3157 verum
1063 3105 1140 3156 deum
1162 3103 1352 3169 transtulisset,

186 3226 187 3231 ,
252 3177 376 3243 contigit,
395 3182 426 3226 ut
444 3174 588 3241 ampliores
610 3176 715 3241 imperii
734 3176 801 3228 fines
820 3191 895 3243 quam
915 3192 1006 3228 omues
1025 3175 1087 3228 a'nte
1106 3192 1165 3228 eum
1178 3177 1353 3242 imperatores

251 3244 303 3298 sibi
321 3246 479 3297 vindicaret.
516 3246 719 3312 imperatoribus
738 3255 824 3298 autem
839 3255 899 3314 post
920 3265 988 3312 eum,
1007 3249 1053 3316 qui
1077 3247 1272 3300 baereticorum
1292 3249 1353 3315 opi.

251 3315 348 3368 triones
368 3317 395 3366 in
414 3317 506 3368 divina
524 3317 585 3368 iidei
604 3319 726 3386 dogmata
752 3319 880 3371 inducere
908 3321 1058 3387 deumque,
1080 3335 1157 3388 quem
1177 3335 1206 3370 se
1227 3320 1351 3370 extremis

253 3385 336 3439 labris
355 3385 448 3438 colere
467 3388 600 3453 dicebant,
621 3391 745 3456 peierare
763 3391 938 3458 incipiebant,
959 3392 1047 3444 statim
1059 3391 1212 3460 magnitudo
1232 3389 1281 3442 illa
1300 3391 1352 3442 irn-

251 3459 321 3526 perii
340 3459 372 3511 ab
392 3458 513 3511 hostibus
532 3462 631 3513 sensim
650 3461 842 3530 paullatimque
862 3463 1064 3514 diminuebatur.

352 3553 405 3607 Sed
423 3555 532 3625 longum
551 3565 655 3625 tempus
673 3575 716 3610 me
735 3559 872 3624 deiiceret,
892 3560 915 3611 si
933 3568 1025 3612 vetera
1046 3567 1072 3611 et
1090 3561 1211 3611 recentia
1231 3558 1350 3626 exempla

252 3627 285 3679 ad
303 3629 444 3679 veritatem
463 3629 592 3702 dictorum
622 3631 825 3683 confirmandam
848 3632 971 3698 proferre
990 3631 1106 3695 vellem,
1135 3632 1161 3683 id
1181 3630 1250 3699 quod
1271 3631 1348 3681 etiam

252 3696 332 3765 plane
351 3699 384 3750 ab
405 3698 533 3751 historiae
554 3700 864 3768 simplicitate‘aiienum
890 3710 970 3754 esset.
1018 3717 1101 3770 quare
1121 3701 1173 3754 boc
1191 3708 1291 3754 tantum
1309 3701 1349 3752 di-

251 3771 301 3821 ctis
319 3770 412 3822 addam
431 3772 591 3841 dicendique
618 3774 696 3825 linem
727 3773 830 3826 faciam.
874 3789 1040 3842 cognoscere
1065 3774 1134 3824 enim
1153 3774 1259 3836 studes,
1282 3787 1349 3840 quo-

250 3842 328 3893 modo
349 3842 403 3906 liat,
422 3851 462 3908 ut,
481 3860 560 3912 quum
573 3845 758 3911 imperatores,
782 3847 902 3913 quamvis
914 3847 1041 3897 continuo
1060 3845 1236 3911 improbitatis
1257 3851 1349 3895 aucto-

250 3928 296 3965 res
315 3914 377 3977 sint,
396 3915 504 3966 minima
523 3923 610 3968 tamen
630 3917 700 3968 mala
718 3918 849 3968 interdum
869 3919 1017 3984 patiantur,
1043 3916 1158 3968 subiecti
1176 3917 1209 3966 iis
1229 3915 1348 3966 homines

151 4007 154 4012 ·
251 3982 443 4051 multiplicibus
460 3987 654 4040 calamitatibus
674 3989 870 4052 conflictentur,
891 3987 955 4040 licet
974 4003 1081 4056 parvam
1096 3987 1209 4039 tortasse
1222 3993 1269 4048 aut
1287 3983 1349 4036 nul-

252 4054 305 4108 lam
324 4055 403 4108 aliam
422 4059 527 4126 culpam
556 4058 708 4125 attulerint,
729 4062 780 4113 nisi
807 4061 877 4128 quod
897 4061 998 4112 conscii
1025 4067 1100 4112 erant
1127 4065 1154 4110 et
1171 4066 1242 4110 metu
1263 4051 1349 4108 coacti

253 4127 321 4179 socii
339 4129 523 4196 improbitatis.
574 4132 705 4198 utigitur
730 4133 805 4184 multi
832 4133 969 4184 veterum'
982 4129 1111 4184 librorum
1130 4130 1280 4182 adiumenta
1298 4141 1348 4178 non

253 4199 351 4269 exigua
379 4201 412 4254 ad
437 4204 495 4259 eius
522 4203 562 4255 rei
589 4204 770 4272 cognitionem
796 4204 873 4258 nobis
892 4202 1039 4260 attulerunt
1065 4211 1091 4255 et
1115 4202 1238 4257 diuturna
1262 4206 1348 4254 nostra
