<?xml version="1.0" encoding="UTF-8"?>
<!DOCTYPE html PUBLIC "-//W3C//DTD XHTML 1.0 Transitional//EN"
    "http://www.w3.org/TR/xhtml1/DTD/xhtml1-transitional.dtd">
<html xmlns="http://www.w3.org/1999/xhtml" xml:lang="en" lang="en">
 <head>
  <title>
</title>
<meta http-equiv="Content-Type" content="text/html;charset=utf-8" />
  <meta name='ocr-system' content='tesseract 3.04.00' />
  <meta name='ocr-capabilities' content='ocr_page ocr_carea ocr_par ocr_line ocrx_word'/>
</head>
<body>
  <div class='ocr_page' id='page_1' title='image "./nicephorigregor07schogoog_0583.png"; bbox 0 0 2992 4916; ppageno 0'>
   <div class='ocr_carea' id='block_1_1' title="bbox 304 270 1086 375">
    <p class='ocr_par' dir='ltr' id='par_1_1' title="bbox 304 270 1086 375">
     <span class='ocr_line' id='line_1_1' title="bbox 304 270 1086 375; baseline 0.003 -9"><span class='ocrx_word' id='word_1_1' title='bbox 304 290 376 368; x_wconf 71' lang='grc' dir='ltr'><em>σου</em></span> <span class='ocrx_word' id='word_1_2' title='bbox 529 277 534 282; x_wconf 71' lang='grc'><strong>’</strong></span> <span class='ocrx_word' id='word_1_3' title='bbox 606 270 827 375; x_wconf 75' lang='grc' dir='ltr'><em>ιιιοεριιοιιι</em></span> <span class='ocrx_word' id='word_1_4' title='bbox 859 303 1086 372; x_wconf 72' lang='lat' dir='ltr'><strong>cannonis</strong></span> 
     </span>
    </p>
   </div>
   <div class='ocr_carea' id='block_1_2' title="bbox 137 447 1469 2770">
    <p class='ocr_par' dir='ltr' id='par_1_2' title="bbox 137 447 1469 2770">
     <span class='ocr_line' id='line_1_2' title="bbox 300 447 1377 556; baseline -0.007 -18"><span class='ocrx_word' id='word_1_5' title='bbox 300 473 335 538; x_wconf 82' lang='grc' dir='ltr'><em>δέ</em></span> <span class='ocrx_word' id='word_1_6' title='bbox 355 447 404 549; x_wconf 70' lang='grc' dir='ltr'><em>τρς</em></span> <span class='ocrx_word' id='word_1_7' title='bbox 422 470 578 556; x_wconf 84' lang='grc' dir='ltr'><em>διαπορία</em></span> <span class='ocrx_word' id='word_1_8' title='bbox 599 475 744 549; x_wconf 85' lang='grc' dir='ltr'><em>τοῖς“[τε]</em></span> <span class='ocrx_word' id='word_1_9' title='bbox 769 466 919 552; x_wconf 84' lang='grc' dir='ltr'><em>άκηκοόσι</em></span> <span class='ocrx_word' id='word_1_10' title='bbox 941 471 1009 544; x_wconf 74' lang='grc' dir='ltr'><em>πῶς</em></span> <span class='ocrx_word' id='word_1_11' title='bbox 1031 461 1133 530; x_wconf 80' lang='grc' dir='ltr'><em>τᾶλλα</em></span> <span class='ocrx_word' id='word_1_12' title='bbox 1155 469 1219 532; x_wconf 80' lang='grc' dir='ltr'><em>τάν</em></span> <span class='ocrx_word' id='word_1_13' title='bbox 1234 465 1377 552; x_wconf 74' lang='grc' dir='ltr'><em>ἐγκλημά-</em></span> 
     </span>
     <span class='ocr_line' id='line_1_3' title="bbox 297 567 1380 656; baseline -0.008 -16"><span class='ocrx_word' id='word_1_14' title='bbox 297 597 361 640; x_wconf 89' lang='grc' dir='ltr'><em>των</em></span> <span class='ocrx_word' id='word_1_15' title='bbox 383 572 506 637; x_wconf 77' lang='grc' dir='ltr'><em>ἅπαντα</em></span> <span class='ocrx_word' id='word_1_16' title='bbox 528 574 562 636; x_wconf 80' lang='grc' dir='ltr'><em>ἐν</em></span> <span class='ocrx_word' id='word_1_17' title='bbox 594 569 730 655; x_wconf 79' lang='grc' dir='ltr'><em>δευτέρῳ</em></span> <span class='ocrx_word' id='word_1_18' title='bbox 754 567 888 651; x_wconf 74' lang='grc' dir='ltr'><em>θέμενος</em></span> <span class='ocrx_word' id='word_1_19' title='bbox 918 567 1010 654; x_wconf 73' lang='grc' dir='ltr'><em>λόγῳ,</em></span> <span class='ocrx_word' id='word_1_20' title='bbox 1031 571 1077 656; x_wconf 75' lang='grc' dir='ltr'><em>τῷ</em></span> <span class='ocrx_word' id='word_1_21' title='bbox 1098 573 1154 652; x_wconf 82' lang='grc' dir='ltr'><em>τῆς</em></span> <span class='ocrx_word' id='word_1_22' title='bbox 1175 571 1380 652; x_wconf 83' lang='grc' dir='ltr'><em>Μασαλιανῆς</em></span> 
     </span>
     <span class='ocr_line' id='line_1_4' title="bbox 300 667 1378 760; baseline -0.006 -24"><span class='ocrx_word' id='word_1_23' title='bbox 300 673 454 760; x_wconf 80' lang='grc' dir='ltr'><em>αἱρέσεως</em></span> <span class='ocrx_word' id='word_1_24' title='bbox 486 671 771 756; x_wconf 81' lang='grc' dir='ltr'><em>ε’μπεφιλοχιόρηκε</em></span> <span class='ocrx_word' id='word_1_25' title='bbox 798 667 938 752; x_wconf 81' lang='grc' dir='ltr'><em>μάλιστα</em></span> <span class='ocrx_word' id='word_1_26' title='bbox 965 668 1021 733; x_wconf 81' lang='grc' dir='ltr'><em>καί</em></span> <span class='ocrx_word' id='word_1_27' title='bbox 1049 670 1125 755; x_wconf 79' lang='grc' dir='ltr'><em>περί</em></span> <span class='ocrx_word' id='word_1_28' title='bbox 1156 675 1304 735; x_wconf 77' lang='grc' dir='ltr'><em>πλείστου</em></span> <span class='ocrx_word' id='word_1_29' title='bbox 1331 691 1378 732; x_wconf 91' lang='grc' dir='ltr'><em>πε-</em></span> 
     </span>
     <span class='ocr_line' id='line_1_5' title="bbox 299 764 1469 859; baseline -0.005 -21"><span class='ocrx_word' id='word_1_30' title='bbox 299 778 420 859; x_wconf 87' lang='grc' dir='ltr'><em>ποίηκε.</em></span> <span class='ocrx_word' id='word_1_31' title='bbox 461 772 518 837; x_wconf 83' lang='grc' dir='ltr'><strong><em>καί</em></strong></span> <span class='ocrx_word' id='word_1_32' title='bbox 540 767 630 836; x_wconf 76' lang='grc' dir='ltr'><em>ἄλλοι</em></span> <span class='ocrx_word' id='word_1_33' title='bbox 658 773 719 854; x_wconf 81' lang='grc' dir='ltr'><em>μὲν</em></span> <span class='ocrx_word' id='word_1_34' title='bbox 741 765 839 846; x_wconf 86' lang='grc' dir='ltr'><em>άλλα,</em></span> <span class='ocrx_word' id='word_1_35' title='bbox 871 769 996 835; x_wconf 88' lang='grc' dir='ltr'><em>πάντων</em></span> <span class='ocrx_word' id='word_1_36' title='bbox 1023 773 1050 835; x_wconf 89' lang='grc' dir='ltr'><em>δ’</em></span> <span class='ocrx_word' id='word_1_37' title='bbox 1073 771 1119 845; x_wconf 85' lang='grc' dir='ltr'><em>εἰς</em></span> <span class='ocrx_word' id='word_1_38' title='bbox 1140 773 1196 836; x_wconf 77' lang='grc' dir='ltr'><em>ἕνα</em></span> <span class='ocrx_word' id='word_1_39' title='bbox 1222 767 1336 834; x_wconf 86' lang='grc' dir='ltr'><em>σκοπόν</em></span> <span class='ocrx_word' id='word_1_40' title='bbox 1350 764 1379 833; x_wconf 85' lang='grc' dir='ltr'><em>τό</em></span> <span class='ocrx_word' id='word_1_41' title='bbox 1468 849 1469 858; x_wconf 16' lang='lat'>¹</span> 
     </span>
     <span class='ocr_line' id='line_1_6' title="bbox 302 865 1400 958; baseline 0 -20"><span class='ocrx_word' id='word_1_42' title='bbox 302 874 405 958; x_wconf 82' lang='grc' dir='ltr'><strong><em>πέρας</em></strong></span> <span class='ocrx_word' id='word_1_43' title='bbox 425 869 617 958; x_wconf 75' lang='grc' dir='ltr'><em>ἤθροιζενῆ</em></span> <span class='ocrx_word' id='word_1_44' title='bbox 651 871 824 957; x_wconf 76' lang='grc' dir='ltr'><strong><em>συμφωνία</em></strong></span> <span class='ocrx_word' id='word_1_45' title='bbox 852 866 901 936; x_wconf 88' lang='grc' dir='ltr'><em>ότι</em></span> <span class='ocrx_word' id='word_1_46' title='bbox 935 869 1072 934; x_wconf 87' lang='grc' dir='ltr'><em>παλαιὸν</em></span> <span class='ocrx_word' id='word_1_47' title='bbox 1104 869 1192 958; x_wconf 76' lang='grc' dir='ltr'><em>αὐτῷ</em></span> <span class='ocrx_word' id='word_1_48' title='bbox 1211 870 1332 954; x_wconf 90' lang='grc' dir='ltr'><em>νόσημα</em></span> <span class='ocrx_word' id='word_1_49' title='bbox 1351 865 1400 935; x_wconf 77' lang='lat' dir='ltr'><em>iat</em></span> 
     </span>
     <span class='ocr_line' id='line_1_7' title="bbox 297 971 1381 1057; baseline -0.006 -17"><span class='ocrx_word' id='word_1_50' title='bbox 297 976 413 1052; x_wconf 75' lang='grc' dir='ltr'><em>τουτοῖ,</em></span> <span class='ocrx_word' id='word_1_51' title='bbox 437 974 492 1038; x_wconf 92' lang='grc' dir='ltr'><strong><em>καί</em></strong></span> <span class='ocrx_word' id='word_1_52' title='bbox 516 974 669 1049; x_wconf 84' lang='grc' dir='ltr'><strong><em>πολλάκις</em></strong></span> <span class='ocrx_word' id='word_1_53' title='bbox 701 971 797 1036; x_wconf 80' lang='grc' dir='ltr'><em>αι’τοῦ</em></span> <span class='ocrx_word' id='word_1_54' title='bbox 828 973 1045 1056; x_wconf 76' lang='grc' dir='ltr'><em>κατηγορηδὲν</em></span> <span class='ocrx_word' id='word_1_55' title='bbox 1071 972 1126 1036; x_wconf 86' lang='grc' dir='ltr'><strong><em>καί</em></strong></span> <span class='ocrx_word' id='word_1_56' title='bbox 1157 971 1249 1057; x_wconf 85' lang='grc' dir='ltr'><em>παρὰ</em></span> <span class='ocrx_word' id='word_1_57' title='bbox 1269 972 1381 1034; x_wconf 79' lang='grc' dir='ltr'><em>πολλόν</em></span> 
     </span>
     <span class='ocr_line' id='line_1_8' title="bbox 301 1057 1469 1160; baseline 0 -22"><span class='ocrx_word' id='word_1_58' title='bbox 301 1074 484 1160; x_wconf 76' lang='grc' dir='ltr'><em>ἀλλοτρίων,</em></span> <span class='ocrx_word' id='word_1_59' title='bbox 505 1078 561 1138; x_wconf 84' lang='grc' dir='ltr'><em>νῦν</em></span> <span class='ocrx_word' id='word_1_60' title='bbox 583 1071 724 1160; x_wconf 79' lang='grc' dir='ltr'><strong><em>ἄφυκτον</em></strong></span> <span class='ocrx_word' id='word_1_61' title='bbox 745 1073 821 1154; x_wconf 78' lang='grc' dir='ltr'><em>ε”σχε</em></span> <span class='ocrx_word' id='word_1_62' title='bbox 841 1070 896 1156; x_wconf 77' lang='grc' dir='ltr'><em>τὴν</em></span> <span class='ocrx_word' id='word_1_63' title='bbox 928 1073 1060 1154; x_wconf 83' lang='grc' dir='ltr'><em>δάνομιν</em></span> <span class='ocrx_word' id='word_1_64' title='bbox 1083 1071 1103 1158; x_wconf 78' lang='grc' dir='ltr'><em>ἦ</em></span> <span class='ocrx_word' id='word_1_65' title='bbox 1125 1074 1320 1157; x_wconf 77' lang='grc' dir='ltr'><em>κατηγορία,</em></span> <span class='ocrx_word' id='word_1_66' title='bbox 1341 1068 1380 1136; x_wconf 83' lang='grc' dir='ltr'><em>ότι</em></span> <span class='ocrx_word' id='word_1_67' title='bbox 1468 1057 1469 1138; x_wconf 87' lang='lat' dir='ltr'><strong>l</strong></span> 
     </span>
     <span class='ocr_line' id='line_1_9' title="bbox 299 1167 1381 1260; baseline -0.004 -22"><span class='ocrx_word' id='word_1_68' title='bbox 299 1177 416 1240; x_wconf 78' lang='grc' dir='ltr'><em>ἐκταῖν</em></span> <span class='ocrx_word' id='word_1_69' title='bbox 438 1175 529 1240; x_wconf 81' lang='grc' dir='ltr'><em>ἔνδον</em></span> <span class='ocrx_word' id='word_1_70' title='bbox 550 1175 687 1240; x_wconf 78' lang='grc' dir='ltr'><em>καὶτῶν</em></span> <span class='ocrx_word' id='word_1_71' title='bbox 717 1175 841 1239; x_wconf 75' lang='grc' dir='ltr'><em>οἰκείων</em></span> <span class='ocrx_word' id='word_1_72' title='bbox 873 1175 927 1238; x_wconf 81' lang='grc' dir='ltr'><em>καί</em></span> <span class='ocrx_word' id='word_1_73' title='bbox 961 1174 1017 1260; x_wconf 79' lang='grc' dir='ltr'><em>ἀφ’</em></span> <span class='ocrx_word' id='word_1_74' title='bbox 1040 1167 1146 1250; x_wconf 70' lang='grc' dir='ltr'><em>ἑστίας</em></span> <span class='ocrx_word' id='word_1_75' title='bbox 1167 1171 1185 1237; x_wconf 85' lang='grc' dir='ltr'><em>ό</em></span> <span class='ocrx_word' id='word_1_76' title='bbox 1205 1175 1263 1256; x_wconf 82' lang='grc' dir='ltr'><em>τῆς</em></span> <span class='ocrx_word' id='word_1_77' title='bbox 1282 1174 1381 1247; x_wconf 80' lang='grc' dir='ltr'><em>κακίαις</em></span> 
     </span>
     <span class='ocr_line' id='line_1_10' title="bbox 299 1271 1380 1360; baseline -0.005 -22"><span class='ocrx_word' id='word_1_78' title='bbox 299 1275 487 1358; x_wconf 74' lang='grc' dir='ltr'><em>ἔξελήλυδεν</em></span> <span class='ocrx_word' id='word_1_79' title='bbox 520 1275 666 1360; x_wconf 77' lang='grc' dir='ltr'><em>ἐλεγχος,</em></span> <span class='ocrx_word' id='word_1_80' title='bbox 702 1272 744 1350; x_wconf 77' lang='grc' dir='ltr'><em>ὥς</em></span> <span class='ocrx_word' id='word_1_81' title='bbox 779 1273 797 1338; x_wconf 81' lang='grc' dir='ltr'><em>δ</em></span> <span class='ocrx_word' id='word_1_82' title='bbox 828 1276 890 1339; x_wconf 76' lang='grc' dir='ltr'><em>τῶν</em></span> <span class='ocrx_word' id='word_1_83' title='bbox 919 1275 1101 1354; x_wconf 80' lang='grc' dir='ltr'><em>ἐπισκόπων</em></span> <span class='ocrx_word' id='word_1_84' title='bbox 1122 1271 1380 1358; x_wconf 77' lang='grc' dir='ltr'><em>,ιιεμαρτόρηκίτε</em></span> 
     </span>
     <span class='ocr_line' id='line_1_11' title="bbox 231 1372 1412 1464; baseline -0.007 -25"><span class='ocrx_word' id='word_1_85' title='bbox 231 1377 353 1440; x_wconf 75' lang='grc' dir='ltr'><em>11.καί</em></span> <span class='ocrx_word' id='word_1_86' title='bbox 384 1377 631 1460; x_wconf 76' lang='grc' dir='ltr'><em>διεβεβαιιάσατο</em></span> <span class='ocrx_word' id='word_1_87' title='bbox 664 1379 755 1463; x_wconf 81' lang='grc' dir='ltr'><em>λόγος</em></span> <span class='ocrx_word' id='word_1_88' title='bbox 788 1378 836 1464; x_wconf 72' lang='grc' dir='ltr'><em>τῷ</em></span> <span class='ocrx_word' id='word_1_89' title='bbox 865 1380 1007 1458; x_wconf 82' lang='grc' dir='ltr'><em>βασιλεῖ·</em></span> <span class='ocrx_word' id='word_1_90' title='bbox 1063 1375 1189 1461; x_wconf 82' lang='grc' dir='ltr'><em>ἔφασαν</em></span> <span class='ocrx_word' id='word_1_91' title='bbox 1218 1372 1281 1458; x_wconf 82' lang='grc' dir='ltr'><em>γάρ</em></span> <span class='ocrx_word' id='word_1_92' title='bbox 1300 1373 1337 1437; x_wconf 89' lang='grc' dir='ltr'><em>τά</em></span> <span class='ocrx_word' id='word_1_93' title='bbox 1352 1378 1412 1435; x_wconf 76' lang='grc' dir='ltr'><em>τελλ</em></span> 
     </span>
     <span class='ocr_line' id='line_1_12' title="bbox 300 1469 1378 1563; baseline -0.005 -22"><span class='ocrx_word' id='word_1_94' title='bbox 300 1472 381 1541; x_wconf 79' lang='grc' dir='ltr'><em>ἄλλα</em></span> <span class='ocrx_word' id='word_1_95' title='bbox 404 1475 489 1554; x_wconf 74' lang='grc' dir='ltr'><em>κατὰ</em></span> <span class='ocrx_word' id='word_1_96' title='bbox 503 1481 560 1542; x_wconf 77' lang='grc' dir='ltr'><em>τοῦ</em></span> <span class='ocrx_word' id='word_1_97' title='bbox 579 1480 781 1563; x_wconf 81' lang='grc' dir='ltr'><em>πατριάρχου</em></span> <span class='ocrx_word' id='word_1_98' title='bbox 805 1476 833 1542; x_wconf 86' lang='lat' dir='ltr'><em>oi</em></span> <span class='ocrx_word' id='word_1_99' title='bbox 849 1471 910 1540; x_wconf 71' lang='grc' dir='ltr'><em>’τοῦ</em></span> <span class='ocrx_word' id='word_1_100' title='bbox 926 1476 1148 1561; x_wconf 79' lang='grc' dir='ltr'><em>πατριάρχου,</em></span> <span class='ocrx_word' id='word_1_101' title='bbox 1179 1475 1234 1539; x_wconf 82' lang='grc' dir='ltr'><em>καὶ</em></span> <span class='ocrx_word' id='word_1_102' title='bbox 1256 1471 1298 1550; x_wconf 77' lang='grc' dir='ltr'><em>ὥς</em></span> <span class='ocrx_word' id='word_1_103' title='bbox 1316 1471 1333 1538; x_wconf 89' lang='grc' dir='ltr'><em>ό</em></span> <span class='ocrx_word' id='word_1_104' title='bbox 1350 1469 1378 1536; x_wconf 83' lang='grc' dir='ltr'><em>τό</em></span> 
     </span>
     <span class='ocr_line' id='line_1_13' title="bbox 296 1563 1379 1664; baseline -0.006 -22"><span class='ocrx_word' id='word_1_105' title='bbox 296 1576 469 1663; x_wconf 75' lang='grc' dir='ltr'><em>μοναδικόν</em></span> <span class='ocrx_word' id='word_1_106' title='bbox 496 1582 714 1664; x_wconf 84' lang='grc' dir='ltr'><em>περικείμενος</em></span> <span class='ocrx_word' id='word_1_107' title='bbox 744 1580 874 1662; x_wconf 79' lang='grc' dir='ltr'><em>σχῆμα,</em></span> <span class='ocrx_word' id='word_1_108' title='bbox 913 1577 1073 1659; x_wconf 73' lang='grc' dir='ltr'><em>Σκορπίος</em></span> <span class='ocrx_word' id='word_1_109' title='bbox 1100 1574 1322 1658; x_wconf 82' lang='grc' dir='ltr'><em>τοόπάνυμον,</em></span> <span class='ocrx_word' id='word_1_110' title='bbox 1349 1563 1379 1636; x_wconf 79' lang='lat' dir='ltr'><em>ol</em></span> 
     </span>
     <span class='ocr_line' id='line_1_14' title="bbox 171 1673 1469 1766; baseline -0.005 -22"><span class='ocrx_word' id='word_1_111' title='bbox 171 1678 286 1734; x_wconf 75' lang='lat' dir='ltr'><strong>i·266b·</strong></span> <span class='ocrx_word' id='word_1_112' title='bbox 298 1677 395 1755; x_wconf 77' lang='grc' dir='ltr'><em>πολὺς</em></span> <span class='ocrx_word' id='word_1_113' title='bbox 418 1680 570 1756; x_wconf 77' lang='grc' dir='ltr'><em>πολλάκις</em></span> <span class='ocrx_word' id='word_1_114' title='bbox 590 1680 697 1766; x_wconf 76' lang='grc' dir='ltr'><em>γέγονε</em></span> <span class='ocrx_word' id='word_1_115' title='bbox 720 1680 810 1765; x_wconf 75' lang='grc' dir='ltr'><em>λόγος</em></span> <span class='ocrx_word' id='word_1_116' title='bbox 830 1686 896 1754; x_wconf 83' lang='grc' dir='ltr'><em>τοῖς</em></span> <span class='ocrx_word' id='word_1_117' title='bbox 916 1701 950 1742; x_wconf 91' lang='grc' dir='ltr'><em>τε</em></span> <span class='ocrx_word' id='word_1_118' title='bbox 973 1673 1079 1753; x_wconf 79' lang='grc' dir='ltr'><em>ἄλλοις</em></span> <span class='ocrx_word' id='word_1_119' title='bbox 1093 1677 1149 1741; x_wconf 99' lang='grc' dir='ltr'><strong><em>καί</em></strong></span> <span class='ocrx_word' id='word_1_120' title='bbox 1168 1679 1307 1759; x_wconf 88' lang='grc' dir='ltr'><em>μάλιστα</em></span> <span class='ocrx_word' id='word_1_121' title='bbox 1325 1680 1379 1748; x_wconf 84' lang='grc' dir='ltr'><em>τοῖς</em></span> <span class='ocrx_word' id='word_1_122' title='bbox 1468 1695 1469 1722; x_wconf 67' lang='grc' dir='ltr'><em>ι</em></span> 
     </span>
     <span class='ocr_line' id='line_1_15' title="bbox 297 1753 1469 1866; baseline -0.009 -21"><span class='ocrx_word' id='word_1_123' title='bbox 297 1782 330 1845; x_wconf 81' lang='grc' dir='ltr'><em>ἐν</em></span> <span class='ocrx_word' id='word_1_124' title='bbox 344 1777 436 1866; x_wconf 71' lang='grc' dir='ltr'><em>Ἄθῳ</em></span> <span class='ocrx_word' id='word_1_125' title='bbox 459 1781 505 1865; x_wconf 70' lang='grc' dir='ltr'><em>τρῖ</em></span> <span class='ocrx_word' id='word_1_126' title='bbox 528 1775 597 1866; x_wconf 79' lang='grc' dir='ltr'><em>ὄρει</em></span> <span class='ocrx_word' id='word_1_127' title='bbox 617 1777 673 1864; x_wconf 69' lang='grc' dir='ltr'><em>τήν</em></span> <span class='ocrx_word' id='word_1_128' title='bbox 695 1777 828 1865; x_wconf 84' lang='grc' dir='ltr'><em>άσκησιν</em></span> <span class='ocrx_word' id='word_1_129' title='bbox 862 1778 1062 1855; x_wconf 84' lang='grc' dir='ltr'><em>διανόουσιν,</em></span> <span class='ocrx_word' id='word_1_130' title='bbox 1081 1777 1137 1842; x_wconf 81' lang='grc' dir='ltr'><em>καί</em></span> <span class='ocrx_word' id='word_1_131' title='bbox 1158 1769 1196 1840; x_wconf 75' lang='grc' dir='ltr'><em>οὗ</em></span> <span class='ocrx_word' id='word_1_132' title='bbox 1214 1777 1311 1860; x_wconf 82' lang='grc' dir='ltr'><em>χάριν</em></span> <span class='ocrx_word' id='word_1_133' title='bbox 1332 1774 1377 1838; x_wconf 83' lang='lat' dir='ltr'><strong>do&#39;o</strong></span> <span class='ocrx_word' id='word_1_134' title='bbox 1468 1753 1469 1822; x_wconf 81' lang='lat' dir='ltr'><strong>l</strong></span> 
     </span>
     <span class='ocr_line' id='line_1_16' title="bbox 297 1843 1469 1967; baseline -0.005 -23"><span class='ocrx_word' id='word_1_135' title='bbox 297 1881 352 1946; x_wconf 84' lang='grc' dir='ltr'><em>καί</em></span> <span class='ocrx_word' id='word_1_136' title='bbox 372 1887 457 1963; x_wconf 84' lang='grc' dir='ltr'><em>τρεῖς</em></span> <span class='ocrx_word' id='word_1_137' title='bbox 479 1904 540 1944; x_wconf 91' lang='grc' dir='ltr'><em>που</em></span> <span class='ocrx_word' id='word_1_138' title='bbox 572 1881 790 1967; x_wconf 80' lang='grc' dir='ltr'><em>τομογραφίαι</em></span> <span class='ocrx_word' id='word_1_139' title='bbox 819 1884 873 1945; x_wconf 94' lang='grc' dir='ltr'><strong><em>καί</em></strong></span> <span class='ocrx_word' id='word_1_140' title='bbox 889 1869 1059 1963; x_wconf 70' lang='grc' dir='ltr'><em>όπαιθροι</em></span> <span class='ocrx_word' id='word_1_141' title='bbox 1091 1861 1277 1964; x_wconf 78' lang='grc' dir='ltr'><em>κατηγορίαι</em></span> <span class='ocrx_word' id='word_1_142' title='bbox 1313 1881 1411 1960; x_wconf 84' lang='grc' dir='ltr'><em>παρ’15</em></span> <span class='ocrx_word' id='word_1_143' title='bbox 1468 1843 1469 1894; x_wconf 60' lang='lat' dir='ltr'><strong>l</strong></span> 
     </span>
     <span class='ocr_line' id='line_1_17' title="bbox 297 1978 1379 2066; baseline -0.008 -20"><span class='ocrx_word' id='word_1_144' title='bbox 297 1982 425 2047; x_wconf 79' lang='grc' dir='ltr'><em>ἐκείνων</em></span> <span class='ocrx_word' id='word_1_145' title='bbox 461 1983 494 2046; x_wconf 79' lang='grc' dir='ltr'><em>ἐν</em></span> <span class='ocrx_word' id='word_1_146' title='bbox 518 1982 855 2046; x_wconf 86' lang='grc' dir='ltr'><em>Κωνσταντινουπόλει</em></span> <span class='ocrx_word' id='word_1_147' title='bbox 889 1982 935 2066; x_wconf 76' lang='grc' dir='ltr'><em>τῷ</em></span> <span class='ocrx_word' id='word_1_148' title='bbox 963 2001 997 2043; x_wconf 90' lang='grc' dir='ltr'><em>τε</em></span> <span class='ocrx_word' id='word_1_149' title='bbox 1029 1979 1213 2064; x_wconf 82' lang='grc' dir='ltr'><em>πατριάρχη</em></span> <span class='ocrx_word' id='word_1_150' title='bbox 1247 1978 1301 2043; x_wconf 82' lang='grc' dir='ltr'><em>καί</em></span> <span class='ocrx_word' id='word_1_151' title='bbox 1324 1982 1379 2052; x_wconf 78' lang='grc' dir='ltr'><em>τοῖς</em></span> 
     </span>
     <span class='ocr_line' id='line_1_18' title="bbox 297 2079 1378 2167; baseline -0.007 -21"><span class='ocrx_word' id='word_1_152' title='bbox 297 2083 483 2159; x_wconf 80' lang='grc' dir='ltr'><em>ἐπισκόποις</em></span> <span class='ocrx_word' id='word_1_153' title='bbox 503 2081 726 2167; x_wconf 71' lang='grc' dir='ltr'><em>ἐπέμφθησαν,</em></span> <span class='ocrx_word' id='word_1_154' title='bbox 747 2081 928 2165; x_wconf 87' lang='grc' dir='ltr'><em>μηνάουσαι</em></span> <span class='ocrx_word' id='word_1_155' title='bbox 959 2079 1104 2167; x_wconf 81' lang='grc' dir='ltr'><em>φρικώδη</em></span> <span class='ocrx_word' id='word_1_156' title='bbox 1127 2102 1160 2142; x_wconf 84' lang='grc' dir='ltr'><em>τε</em></span> <span class='ocrx_word' id='word_1_157' title='bbox 1184 2079 1240 2143; x_wconf 82' lang='grc' dir='ltr'><em>καί</em></span> <span class='ocrx_word' id='word_1_158' title='bbox 1261 2083 1378 2142; x_wconf 80' lang='grc' dir='ltr'><em>πλεῖστα</em></span> 
     </span>
     <span class='ocr_line' id='line_1_19' title="bbox 297 2176 1379 2268; baseline -0.006 -22"><span class='ocrx_word' id='word_1_159' title='bbox 297 2181 432 2268; x_wconf 87' lang='grc' dir='ltr'><em>μυσαρά</em></span> <span class='ocrx_word' id='word_1_160' title='bbox 466 2183 521 2247; x_wconf 84' lang='grc' dir='ltr'><em>καί</em></span> <span class='ocrx_word' id='word_1_161' title='bbox 541 2181 586 2266; x_wconf 80' lang='grc' dir='ltr'><em>μή</em></span> <span class='ocrx_word' id='word_1_162' title='bbox 614 2183 712 2265; x_wconf 89' lang='grc' dir='ltr'><em>μόνον</em></span> <span class='ocrx_word' id='word_1_163' title='bbox 740 2184 936 2266; x_wconf 79' lang='grc' dir='ltr'><em>χριστιανῶν</em></span> <span class='ocrx_word' id='word_1_164' title='bbox 972 2181 1081 2256; x_wconf 83' lang='grc' dir='ltr'><em>άκοαῖς</em></span> <span class='ocrx_word' id='word_1_165' title='bbox 1112 2178 1312 2264; x_wconf 87' lang='grc' dir='ltr'><em>άποτρόπαια</em></span> <span class='ocrx_word' id='word_1_166' title='bbox 1334 2176 1379 2240; x_wconf 78' lang='grc' dir='ltr'><em>καί</em></span> 
     </span>
     <span class='ocr_line' id='line_1_20' title="bbox 137 2278 1469 2373; baseline -0.007 -26"><span class='ocrx_word' id='word_1_167' title='bbox 137 2366 141 2373; x_wconf 31' lang='grc' dir='ltr'>Ι</span> <span class='ocrx_word' id='word_1_168' title='bbox 298 2284 371 2348; x_wconf 91' lang='grc' dir='ltr'><em>λίαν</em></span> <span class='ocrx_word' id='word_1_169' title='bbox 392 2282 524 2370; x_wconf 82' lang='grc' dir='ltr'><em>φευκτά,</em></span> <span class='ocrx_word' id='word_1_170' title='bbox 552 2279 632 2346; x_wconf 79' lang='grc' dir='ltr'><em>ἀλλὰ</em></span> <span class='ocrx_word' id='word_1_171' title='bbox 654 2284 710 2347; x_wconf 93' lang='grc' dir='ltr'><strong><em>καί</em></strong></span> <span class='ocrx_word' id='word_1_172' title='bbox 730 2289 795 2357; x_wconf 82' lang='grc' dir='ltr'><em>τοῖς</em></span> <span class='ocrx_word' id='word_1_173' title='bbox 813 2283 989 2365; x_wconf 82' lang='grc' dir='ltr'><em>βαρβάρων</em></span> <span class='ocrx_word' id='word_1_174' title='bbox 1021 2279 1213 2355; x_wconf 74' lang='grc' dir='ltr'><em>α’δεωτάτοις</em></span> <span class='ocrx_word' id='word_1_175' title='bbox 1234 2278 1378 2342; x_wconf 85' lang='grc' dir='ltr'><em>κατάπτο-</em></span> <span class='ocrx_word' id='word_1_176' title='bbox 1468 2300 1469 2358; x_wconf 68' lang='grc' dir='ltr'><em>ι</em></span> 
     </span>
     <span class='ocr_line' id='line_1_21' title="bbox 225 2373 1414 2469; baseline -0.006 -16"><span class='ocrx_word' id='word_1_177' title='bbox 225 2399 286 2452; x_wconf 69' lang='lat' dir='ltr'><em>n</em></span> <span class='ocrx_word' id='word_1_178' title='bbox 297 2407 366 2447; x_wconf 87' lang='grc' dir='ltr'><em>στα.</em></span> <span class='ocrx_word' id='word_1_179' title='bbox 409 2374 499 2459; x_wconf 75' lang='grc' dir='ltr'><em>οὗτος</em></span> <span class='ocrx_word' id='word_1_180' title='bbox 523 2377 599 2460; x_wconf 79' lang='grc' dir='ltr'><em>οὖν,</em></span> <span class='ocrx_word' id='word_1_181' title='bbox 623 2385 732 2469; x_wconf 84' lang='grc' dir='ltr'><em>φασίν,</em></span> <span class='ocrx_word' id='word_1_182' title='bbox 756 2379 844 2445; x_wconf 61' lang='grc' dir='ltr'><em>όπόι)</em></span> <span class='ocrx_word' id='word_1_183' title='bbox 868 2383 902 2444; x_wconf 84' lang='grc' dir='ltr'><em>ἐκ</em></span> <span class='ocrx_word' id='word_1_184' title='bbox 929 2381 1128 2465; x_wconf 72' lang='grc' dir='ltr'><em>Τριβαλλόν,</em></span> <span class='ocrx_word' id='word_1_185' title='bbox 1158 2380 1214 2444; x_wconf 80' lang='grc' dir='ltr'><em>καί</em></span> <span class='ocrx_word' id='word_1_186' title='bbox 1235 2375 1310 2443; x_wconf 73' lang='grc' dir='ltr'><em>ὅθεν</em></span> <span class='ocrx_word' id='word_1_187' title='bbox 1331 2373 1414 2445; x_wconf 72' lang='lat' dir='ltr'><strong>‹lt-oo</strong></span> 
     </span>
     <span class='ocr_line' id='line_1_22' title="bbox 203 2476 1469 2566; baseline -0.005 -21"><span class='ocrx_word' id='word_1_188' title='bbox 203 2553 208 2563; x_wconf 35' lang='lat'>¹</span> <span class='ocrx_word' id='word_1_189' title='bbox 266 2497 269 2500; x_wconf 83' lang='lat'>&#39;</span> <span class='ocrx_word' id='word_1_190' title='bbox 297 2485 392 2545; x_wconf 76' lang='grc' dir='ltr'><em>λοδεν</em></span> <span class='ocrx_word' id='word_1_191' title='bbox 409 2479 466 2558; x_wconf 81' lang='grc' dir='ltr'><em>τὰς</em></span> <span class='ocrx_word' id='word_1_192' title='bbox 487 2482 624 2566; x_wconf 81' lang='grc' dir='ltr'><em>άδὴλους</em></span> <span class='ocrx_word' id='word_1_193' title='bbox 648 2488 787 2545; x_wconf 86' lang='grc' dir='ltr'><em>ποιεῖται</em></span> <span class='ocrx_word' id='word_1_194' title='bbox 804 2481 939 2564; x_wconf 88' lang='grc' dir='ltr'><em>χρονίας</em></span> <span class='ocrx_word' id='word_1_195' title='bbox 961 2479 1137 2563; x_wconf 82' lang='grc' dir='ltr'><em>διατριβάς,</em></span> <span class='ocrx_word' id='word_1_196' title='bbox 1160 2478 1328 2562; x_wconf 80' lang='grc' dir='ltr'><em>ἐπιδημοίη</em></span> <span class='ocrx_word' id='word_1_197' title='bbox 1345 2476 1379 2560; x_wconf 78' lang='grc' dir='ltr'><em>τῇ</em></span> <span class='ocrx_word' id='word_1_198' title='bbox 1468 2499 1469 2552; x_wconf 66' lang='grc'><em>,</em></span> 
     </span>
     <span class='ocr_line' id='line_1_23' title="bbox 299 2574 1379 2667; baseline -0.009 -21"><span class='ocrx_word' id='word_1_199' title='bbox 299 2581 645 2660; x_wconf 87' lang='grc' dir='ltr'><em>Κωνσταντινουπόλει,</em></span> <span class='ocrx_word' id='word_1_200' title='bbox 666 2581 753 2667; x_wconf 78' lang='grc' dir='ltr'><em>μόνῳ</em></span> <span class='ocrx_word' id='word_1_201' title='bbox 777 2579 950 2664; x_wconf 84' lang='grc' dir='ltr'><em>Καλλίστῳ</em></span> <span class='ocrx_word' id='word_1_202' title='bbox 978 2577 1148 2664; x_wconf 74' lang='grc' dir='ltr'><em>όμόστερός</em></span> <span class='ocrx_word' id='word_1_203' title='bbox 1176 2602 1210 2644; x_wconf 85' lang='grc' dir='ltr'><em>τε</em></span> <span class='ocrx_word' id='word_1_204' title='bbox 1238 2578 1297 2642; x_wconf 92' lang='grc' dir='ltr'><strong><em>καί</em></strong></span> <span class='ocrx_word' id='word_1_205' title='bbox 1313 2574 1379 2658; x_wconf 85' lang='grc' dir='ltr'><em>όμο-</em></span> 
     </span>
     <span class='ocr_line' id='line_1_24' title="bbox 299 2671 1469 2770; baseline -0.008 -20"><span class='ocrx_word' id='word_1_206' title='bbox 299 2682 419 2758; x_wconf 88' lang='grc' dir='ltr'><em>δίαιτος</em></span> <span class='ocrx_word' id='word_1_207' title='bbox 439 2682 559 2768; x_wconf 77' lang='grc' dir='ltr'><em>γίνεται</em></span> <span class='ocrx_word' id='word_1_208' title='bbox 579 2684 625 2770; x_wconf 72' lang='grc' dir='ltr'><em>τῷ</em></span> <span class='ocrx_word' id='word_1_209' title='bbox 646 2682 848 2768; x_wconf 80' lang='grc' dir='ltr'><em>πατριάρχη,</em></span> <span class='ocrx_word' id='word_1_210' title='bbox 880 2679 936 2745; x_wconf 79' lang='grc' dir='ltr'><strong><em>καί</em></strong></span> <span class='ocrx_word' id='word_1_211' title='bbox 968 2677 1177 2764; x_wconf 74' lang='grc' dir='ltr'><em>μυσταγωγός</em></span> <span class='ocrx_word' id='word_1_212' title='bbox 1199 2679 1256 2743; x_wconf 79' lang='grc' dir='ltr'><em>καί</em></span> <span class='ocrx_word' id='word_1_213' title='bbox 1275 2677 1382 2762; x_wconf 86' lang='grc' dir='ltr'><em>μάστης</em></span> <span class='ocrx_word' id='word_1_214' title='bbox 1468 2671 1469 2728; x_wconf 80' lang='lat' dir='ltr'><strong>l</strong></span> 
     </span>
    </p>
   </div>
   <div class='ocr_carea' id='block_1_3' title="bbox 195 3008 1469 4290">
    <p class='ocr_par' dir='ltr' id='par_1_3' title="bbox 195 3008 1469 4290">
     <span class='ocr_line' id='line_1_25' title="bbox 298 3008 1469 3090; baseline -0.01 -22"><span class='ocrx_word' id='word_1_215' title='bbox 298 3029 377 3082; x_wconf 90' lang='lat' dir='ltr'><strong>quum</strong></span> <span class='ocrx_word' id='word_1_216' title='bbox 393 3013 518 3066; x_wconf 87' lang='lat' dir='ltr'><strong>audirent</strong></span> <span class='ocrx_word' id='word_1_217' title='bbox 538 3011 589 3076; x_wconf 91' lang='lat' dir='ltr'><strong>illi,</strong></span> <span class='ocrx_word' id='word_1_218' title='bbox 610 3027 669 3064; x_wconf 89' lang='lat' dir='ltr'><em>eum</em></span> <span class='ocrx_word' id='word_1_219' title='bbox 689 3020 784 3064; x_wconf 88' lang='lat' dir='ltr'><strong>cnuctu</strong></span> <span class='ocrx_word' id='word_1_220' title='bbox 806 3011 859 3064; x_wconf 84' lang='lat' dir='ltr'><strong>alia</strong></span> <span class='ocrx_word' id='word_1_221' title='bbox 877 3012 987 3065; x_wconf 87' lang='lat' dir='ltr'><strong>crimina</strong></span> <span class='ocrx_word' id='word_1_222' title='bbox 1006 3025 1060 3064; x_wconf 88' lang='lat' dir='ltr'><em>nou</em></span> <span class='ocrx_word' id='word_1_223' title='bbox 1078 3017 1121 3063; x_wconf 84' lang='lat' dir='ltr'><strong>sat</strong></span> <span class='ocrx_word' id='word_1_224' title='bbox 1139 3009 1228 3077; x_wconf 79' lang='lat' dir='ltr'><strong>magni</strong></span> <span class='ocrx_word' id='word_1_225' title='bbox 1241 3008 1383 3060; x_wconf 84' lang='lat' dir='ltr'><strong>aestimasse</strong></span> <span class='ocrx_word' id='word_1_226' title='bbox 1468 3043 1469 3090; x_wconf 54' lang='grc' dir='ltr'><em>η</em></span> 
     </span>
     <span class='ocr_line' id='line_1_26' title="bbox 195 3075 1383 3152; baseline -0.006 -20"><span class='ocrx_word' id='word_1_227' title='bbox 195 3108 209 3132; x_wconf 68' lang='grc' dir='ltr'><em>ι</em></span> <span class='ocrx_word' id='word_1_228' title='bbox 300 3092 326 3137; x_wconf 86' lang='lat' dir='ltr'><em>et</em></span> <span class='ocrx_word' id='word_1_229' title='bbox 346 3084 390 3136; x_wconf 82' lang='lat' dir='ltr'><em>vel</em></span> <span class='ocrx_word' id='word_1_230' title='bbox 412 3084 552 3152; x_wconf 83' lang='lat' dir='ltr'><strong>plurimum</strong></span> <span class='ocrx_word' id='word_1_231' title='bbox 578 3083 740 3136; x_wconf 85' lang='lat' dir='ltr'><strong>blasalianae</strong></span> <span class='ocrx_word' id='word_1_232' title='bbox 761 3083 880 3136; x_wconf 88' lang='lat' dir='ltr'><strong>haeresis</strong></span> <span class='ocrx_word' id='word_1_233' title='bbox 909 3084 1012 3136; x_wconf 84' lang='lat' dir='ltr'><strong>crimini</strong></span> <span class='ocrx_word' id='word_1_234' title='bbox 1034 3082 1161 3134; x_wconf 77' lang='lat' dir='ltr'><strong>tribuisse</strong></span> <span class='ocrx_word' id='word_1_235' title='bbox 1188 3081 1269 3148; x_wconf 86' lang='lat' dir='ltr'><strong>idque</strong></span> <span class='ocrx_word' id='word_1_236' title='bbox 1288 3075 1383 3146; x_wconf 84' lang='lat' dir='ltr'><strong>plurimi</strong></span> 
     </span>
     <span class='ocr_line' id='line_1_27' title="bbox 297 3153 1383 3223; baseline -0.008 -16"><span class='ocrx_word' id='word_1_237' title='bbox 297 3155 432 3207; x_wconf 83' lang='lat' dir='ltr'><strong>habuisse.</strong></span> <span class='ocrx_word' id='word_1_238' title='bbox 473 3156 565 3223; x_wconf 88' lang='lat' dir='ltr'><strong>itaque</strong></span> <span class='ocrx_word' id='word_1_239' title='bbox 594 3154 662 3206; x_wconf 86' lang='lat' dir='ltr'><strong>alios</strong></span> <span class='ocrx_word' id='word_1_240' title='bbox 680 3155 749 3219; x_wconf 90' lang='lat' dir='ltr'><strong>alia,</strong></span> <span class='ocrx_word' id='word_1_241' title='bbox 782 3171 873 3208; x_wconf 90' lang='lat' dir='ltr'><strong>omnes</strong></span> <span class='ocrx_word' id='word_1_242' title='bbox 902 3170 968 3208; x_wconf 81' lang='lat' dir='ltr'><strong>vero</strong></span> <span class='ocrx_word' id='word_1_243' title='bbox 992 3169 1045 3205; x_wconf 84' lang='lat' dir='ltr'><em>uua</em></span> <span class='ocrx_word' id='word_1_244' title='bbox 1071 3155 1098 3204; x_wconf 89' lang='lat' dir='ltr'><em>iu</em></span> <span class='ocrx_word' id='word_1_245' title='bbox 1124 3153 1174 3208; x_wconf 84' lang='lat' dir='ltr'><em>bac</em></span> <span class='ocrx_word' id='word_1_246' title='bbox 1199 3167 1229 3202; x_wconf 87' lang='lat' dir='ltr'><strong>re</strong></span> <span class='ocrx_word' id='word_1_247' title='bbox 1250 3161 1383 3202; x_wconf 86' lang='lat' dir='ltr'><strong>cousensus</strong></span> 
     </span>
     <span class='ocr_line' id='line_1_28' title="bbox 297 3221 1383 3290; baseline -0.009 -12"><span class='ocrx_word' id='word_1_248' title='bbox 297 3243 374 3278; x_wconf 85' lang='lat' dir='ltr'><strong>unam</strong></span> <span class='ocrx_word' id='word_1_249' title='bbox 392 3228 420 3278; x_wconf 95' lang='lat' dir='ltr'><em>iu</em></span> <span class='ocrx_word' id='word_1_250' title='bbox 442 3235 556 3278; x_wconf 81' lang='lat' dir='ltr'><strong>mentem</strong></span> <span class='ocrx_word' id='word_1_251' title='bbox 577 3227 733 3290; x_wconf 78' lang='lat' dir='ltr'><strong>coniunxit„</strong></span> <span class='ocrx_word' id='word_1_252' title='bbox 753 3227 877 3278; x_wconf 86' lang='lat' dir='ltr'><strong>haeresin</strong></span> <span class='ocrx_word' id='word_1_253' title='bbox 903 3226 976 3277; x_wconf 88' lang='lat' dir='ltr'><strong>illam</strong></span> <span class='ocrx_word' id='word_1_254' title='bbox 995 3226 1046 3276; x_wconf 90' lang='lat' dir='ltr'><em>iam</em></span> <span class='ocrx_word' id='word_1_255' title='bbox 1075 3225 1120 3276; x_wconf 93' lang='lat' dir='ltr'><em>diu</em></span> <span class='ocrx_word' id='word_1_256' title='bbox 1139 3225 1318 3274; x_wconf 80' lang='lat' dir='ltr'><strong>inveteratum</strong></span> <span class='ocrx_word' id='word_1_257' title='bbox 1337 3221 1383 3270; x_wconf 87' lang='lat' dir='ltr'><strong>eius</strong></span> 
     </span>
     <span class='ocr_line' id='line_1_29' title="bbox 296 3293 1383 3364; baseline -0.008 -15"><span class='ocrx_word' id='word_1_258' title='bbox 296 3298 416 3349; x_wconf 85' lang='lat' dir='ltr'><strong>morbum</strong></span> <span class='ocrx_word' id='word_1_259' title='bbox 436 3313 506 3361; x_wconf 86' lang='lat' dir='ltr'><strong>esse,</strong></span> <span class='ocrx_word' id='word_1_260' title='bbox 527 3305 555 3347; x_wconf 90' lang='lat' dir='ltr'><em>et</em></span> <span class='ocrx_word' id='word_1_261' title='bbox 573 3297 623 3347; x_wconf 90' lang='lat' dir='ltr'><em>iam</em></span> <span class='ocrx_word' id='word_1_262' title='bbox 642 3305 729 3364; x_wconf 75' lang='lat' dir='ltr'><strong>saepe·</strong></span> <span class='ocrx_word' id='word_1_263' title='bbox 745 3299 770 3348; x_wconf 90' lang='lat' dir='ltr'><em>ei</em></span> <span class='ocrx_word' id='word_1_264' title='bbox 795 3299 897 3349; x_wconf 85' lang='lat' dir='ltr'><strong>crimini</strong></span> <span class='ocrx_word' id='word_1_265' title='bbox 917 3298 1004 3348; x_wconf 91' lang='lat' dir='ltr'><strong>datum</strong></span> <span class='ocrx_word' id='word_1_266' title='bbox 1023 3296 1088 3361; x_wconf 87' lang='lat' dir='ltr'><strong>ipsis</strong></span> <span class='ocrx_word' id='word_1_267' title='bbox 1107 3294 1140 3345; x_wconf 90' lang='lat' dir='ltr'><em>ab</em></span> <span class='ocrx_word' id='word_1_268' title='bbox 1160 3293 1306 3345; x_wconf 86' lang='lat' dir='ltr'><strong>extraneis.</strong></span> <span class='ocrx_word' id='word_1_269' title='bbox 1325 3305 1383 3360; x_wconf 87' lang='lat' dir='ltr'><strong>qua.</strong></span> 
     </span>
     <span class='ocr_line' id='line_1_30' title="bbox 297 3361 1383 3436; baseline -0.006 -17"><span class='ocrx_word' id='word_1_270' title='bbox 297 3375 407 3436; x_wconf 82' lang='lat' dir='ltr'><strong>propter</strong></span> <span class='ocrx_word' id='word_1_271' title='bbox 427 3375 490 3418; x_wconf 90' lang='lat' dir='ltr'><strong>tunc</strong></span> <span class='ocrx_word' id='word_1_272' title='bbox 507 3369 687 3419; x_wconf 85' lang='lat' dir='ltr'><strong>firmissimam</strong></span> <span class='ocrx_word' id='word_1_273' title='bbox 700 3385 804 3420; x_wconf 87' lang='lat' dir='ltr'><strong>cansam</strong></span> <span class='ocrx_word' id='word_1_274' title='bbox 823 3367 946 3434; x_wconf 80' lang='lat' dir='ltr'><strong>praebuit</strong></span> <span class='ocrx_word' id='word_1_275' title='bbox 972 3367 1146 3428; x_wconf 74' lang='lat' dir='ltr'><strong>accusationi,</strong></span> <span class='ocrx_word' id='word_1_276' title='bbox 1171 3379 1251 3433; x_wconf 84' lang='lat' dir='ltr'><strong>quum</strong></span> <span class='ocrx_word' id='word_1_277' title='bbox 1273 3363 1306 3414; x_wconf 85' lang='lat' dir='ltr'><em>ab</em></span> <span class='ocrx_word' id='word_1_278' title='bbox 1323 3361 1383 3414; x_wconf 86' lang='lat' dir='ltr'><strong>inii-</strong></span> 
     </span>
     <span class='ocr_line' id='line_1_31' title="bbox 297 3434 1384 3506; baseline -0.006 -18"><span class='ocrx_word' id='word_1_279' title='bbox 297 3441 374 3506; x_wconf 82' lang='lat' dir='ltr'><strong>geuis</strong></span> <span class='ocrx_word' id='word_1_280' title='bbox 395 3447 421 3489; x_wconf 93' lang='lat' dir='ltr'><em>et</em></span> <span class='ocrx_word' id='word_1_281' title='bbox 438 3439 592 3489; x_wconf 72' lang='lat' dir='ltr'><strong>domesticis</strong></span> <span class='ocrx_word' id='word_1_282' title='bbox 616 3447 642 3490; x_wconf 86' lang='lat' dir='ltr'><em>et</em></span> <span class='ocrx_word' id='word_1_283' title='bbox 662 3439 835 3492; x_wconf 77' lang='lat' dir='ltr'><strong>familiaribus</strong></span> <span class='ocrx_word' id='word_1_284' title='bbox 854 3441 997 3505; x_wconf 84' lang='lat' dir='ltr'><strong>impictatis</strong></span> <span class='ocrx_word' id='word_1_285' title='bbox 1017 3437 1187 3505; x_wconf 86' lang='lat' dir='ltr'><strong>opprobrium</strong></span> <span class='ocrx_word' id='word_1_286' title='bbox 1207 3434 1306 3485; x_wconf 88' lang='lat' dir='ltr'><strong>iactum</strong></span> <span class='ocrx_word' id='word_1_287' title='bbox 1324 3438 1384 3485; x_wconf 83' lang='lat' dir='ltr'><strong>esset</strong></span> 
     </span>
     <span class='ocr_line' id='line_1_32' title="bbox 297 3506 1384 3578; baseline -0.008 -16"><span class='ocrx_word' id='word_1_288' title='bbox 297 3509 442 3562; x_wconf 86' lang='lat' dir='ltr'><strong>secuudum</strong></span> <span class='ocrx_word' id='word_1_289' title='bbox 461 3509 613 3561; x_wconf 89' lang='lat' dir='ltr'><strong>testimonia</strong></span> <span class='ocrx_word' id='word_1_290' title='bbox 633 3517 660 3560; x_wconf 89' lang='lat' dir='ltr'><em>et</em></span> <span class='ocrx_word' id='word_1_291' title='bbox 677 3519 841 3578; x_wconf 79' lang='lat' dir='ltr'><strong>argumenta,</strong></span> <span class='ocrx_word' id='word_1_292' title='bbox 861 3526 929 3577; x_wconf 86' lang='lat' dir='ltr'><strong>quae</strong></span> <span class='ocrx_word' id='word_1_293' title='bbox 950 3510 1007 3578; x_wconf 81' lang='lat' dir='ltr'><strong>regi</strong></span> <span class='ocrx_word' id='word_1_294' title='bbox 1027 3509 1059 3560; x_wconf 91' lang='lat' dir='ltr'><em>ab</em></span> <span class='ocrx_word' id='word_1_295' title='bbox 1078 3508 1211 3574; x_wconf 83' lang='lat' dir='ltr'><strong>episcopis</strong></span> <span class='ocrx_word' id='word_1_296' title='bbox 1232 3506 1292 3556; x_wconf 90' lang='lat' dir='ltr'><strong>datu</strong></span> <span class='ocrx_word' id='word_1_297' title='bbox 1311 3510 1384 3556; x_wconf 89' lang='lat' dir='ltr'><strong>eraut.</strong></span> 
     </span>
     <span class='ocr_line' id='line_1_33' title="bbox 297 3577 1384 3648; baseline -0.009 -15"><span class='ocrx_word' id='word_1_298' title='bbox 297 3581 467 3648; x_wconf 88' lang='lat' dir='ltr'><strong>protulerunt</strong></span> <span class='ocrx_word' id='word_1_299' title='bbox 487 3580 556 3632; x_wconf 89' lang='lat' dir='ltr'><strong>enim</strong></span> <span class='ocrx_word' id='word_1_300' title='bbox 577 3581 602 3631; x_wconf 91' lang='lat' dir='ltr'><em>bi</em></span> <span class='ocrx_word' id='word_1_301' title='bbox 624 3581 695 3633; x_wconf 87' lang='lat' dir='ltr'><strong>iuter</strong></span> <span class='ocrx_word' id='word_1_302' title='bbox 715 3582 768 3632; x_wconf 87' lang='lat' dir='ltr'><strong>alia</strong></span> <span class='ocrx_word' id='word_1_303' title='bbox 788 3582 815 3632; x_wconf 90' lang='lat' dir='ltr'><em>in</em></span> <span class='ocrx_word' id='word_1_304' title='bbox 834 3583 952 3647; x_wconf 86' lang='lat' dir='ltr'><strong>ipsorum</strong></span> <span class='ocrx_word' id='word_1_305' title='bbox 977 3579 1163 3648; x_wconf 88' lang='lat' dir='ltr'><strong>patriarcham,</strong></span> <span class='ocrx_word' id='word_1_306' title='bbox 1183 3577 1317 3629; x_wconf 87' lang='lat' dir='ltr'><strong>addictum</strong></span> <span class='ocrx_word' id='word_1_307' title='bbox 1335 3588 1384 3626; x_wconf 83' lang='lat' dir='ltr'><strong>esse</strong></span> 
     </span>
     <span class='ocr_line' id='line_1_34' title="bbox 298 3646 1383 3720; baseline -0.006 -16"><span class='ocrx_word' id='word_1_308' title='bbox 298 3668 357 3704; x_wconf 90' lang='lat' dir='ltr'><em>eum</em></span> <span class='ocrx_word' id='word_1_309' title='bbox 376 3651 513 3705; x_wconf 82' lang='lat' dir='ltr'><strong>solitariae</strong></span> <span class='ocrx_word' id='word_1_310' title='bbox 532 3653 719 3704; x_wconf 88' lang='lat' dir='ltr'><strong>consuetudini</strong></span> <span class='ocrx_word' id='word_1_311' title='bbox 738 3652 907 3718; x_wconf 59' lang='lat' dir='ltr'><strong>Scorpionisj</strong></span> <span class='ocrx_word' id='word_1_312' title='bbox 929 3653 962 3704; x_wconf 88' lang='lat' dir='ltr'><em>de</em></span> <span class='ocrx_word' id='word_1_313' title='bbox 981 3665 1034 3720; x_wconf 87' lang='lat' dir='ltr'><em>qno</em></span> <span class='ocrx_word' id='word_1_314' title='bbox 1051 3649 1133 3701; x_wconf 91' lang='lat' dir='ltr'><strong>multa</strong></span> <span class='ocrx_word' id='word_1_315' title='bbox 1154 3649 1204 3699; x_wconf 89' lang='lat' dir='ltr'><em>ium</em></span> <span class='ocrx_word' id='word_1_316' title='bbox 1224 3650 1333 3715; x_wconf 84' lang='lat' dir='ltr'><strong>saepius</strong></span> <span class='ocrx_word' id='word_1_317' title='bbox 1349 3646 1383 3697; x_wconf 87' lang='lat' dir='ltr'><em>di-</em></span> 
     </span>
     <span class='ocr_line' id='line_1_35' title="bbox 297 3719 1384 3792; baseline -0.007 -16"><span class='ocrx_word' id='word_1_318' title='bbox 297 3723 407 3792; x_wconf 82' lang='lat' dir='ltr'><strong>uulgata</strong></span> <span class='ocrx_word' id='word_1_319' title='bbox 427 3733 488 3777; x_wconf 88' lang='lat' dir='ltr'><strong>sunt</strong></span> <span class='ocrx_word' id='word_1_320' title='bbox 507 3723 539 3774; x_wconf 88' lang='lat' dir='ltr'><em>ab</em></span> <span class='ocrx_word' id='word_1_321' title='bbox 561 3722 621 3776; x_wconf 87' lang='lat' dir='ltr'><strong>aliis</strong></span> <span class='ocrx_word' id='word_1_322' title='bbox 642 3731 667 3774; x_wconf 89' lang='lat' dir='ltr'><em>et</em></span> <span class='ocrx_word' id='word_1_323' title='bbox 685 3724 804 3790; x_wconf 86' lang='lat' dir='ltr'><strong>inprimis</strong></span> <span class='ocrx_word' id='word_1_324' title='bbox 823 3723 856 3774; x_wconf 86' lang='lat' dir='ltr'><em>ab</em></span> <span class='ocrx_word' id='word_1_325' title='bbox 885 3724 918 3773; x_wconf 89' lang='lat' dir='ltr'><strong>iis</strong></span> <span class='ocrx_word' id='word_1_326' title='bbox 938 3725 983 3790; x_wconf 89' lang='lat' dir='ltr'><em>qni</em></span> <span class='ocrx_word' id='word_1_327' title='bbox 1002 3725 1030 3774; x_wconf 93' lang='lat' dir='ltr'><em>iu</em></span> <span class='ocrx_word' id='word_1_328' title='bbox 1048 3722 1119 3775; x_wconf 78' lang='lat' dir='ltr'><strong>Atho</strong></span> <span class='ocrx_word' id='word_1_329' title='bbox 1138 3727 1229 3771; x_wconf 87' lang='lat' dir='ltr'><strong>moute</strong></span> <span class='ocrx_word' id='word_1_330' title='bbox 1249 3719 1384 3771; x_wconf 82' lang='lat' dir='ltr'><strong>solitarium</strong></span> 
     </span>
     <span class='ocr_line' id='line_1_36' title="bbox 297 3790 1385 3863; baseline -0.008 -16"><span class='ocrx_word' id='word_1_331' title='bbox 297 3795 378 3847; x_wconf 84' lang='lat' dir='ltr'><strong>vitam</strong></span> <span class='ocrx_word' id='word_1_332' title='bbox 398 3797 507 3863; x_wconf 78' lang='lat' dir='ltr'><strong>degunt,</strong></span> <span class='ocrx_word' id='word_1_333' title='bbox 528 3803 555 3846; x_wconf 93' lang='lat' dir='ltr'><em>et</em></span> <span class='ocrx_word' id='word_1_334' title='bbox 572 3803 680 3862; x_wconf 86' lang='lat' dir='ltr'><strong>propter</strong></span> <span class='ocrx_word' id='word_1_335' title='bbox 699 3811 776 3862; x_wconf 89' lang='lat' dir='ltr'><strong>quem</strong></span> <span class='ocrx_word' id='word_1_336' title='bbox 796 3795 847 3846; x_wconf 90' lang='lat' dir='ltr'><em>dno</em></span> <span class='ocrx_word' id='word_1_337' title='bbox 864 3793 908 3845; x_wconf 84' lang='lat' dir='ltr'><strong>rel</strong></span> <span class='ocrx_word' id='word_1_338' title='bbox 926 3801 981 3845; x_wconf 88' lang='lat' dir='ltr'><strong>tres</strong></span> <span class='ocrx_word' id='word_1_339' title='bbox 1000 3793 1061 3845; x_wconf 88' lang='lat' dir='ltr'><strong>libri</strong></span> <span class='ocrx_word' id='word_1_340' title='bbox 1089 3799 1116 3843; x_wconf 89' lang='lat' dir='ltr'><em>et</em></span> <span class='ocrx_word' id='word_1_341' title='bbox 1135 3790 1262 3858; x_wconf 87' lang='lat' dir='ltr'><strong>publicae</strong></span> <span class='ocrx_word' id='word_1_342' title='bbox 1282 3803 1385 3842; x_wconf 86' lang='lat' dir='ltr'><strong>accusa-</strong></span> 
     </span>
     <span class='ocr_line' id='line_1_37' title="bbox 298 3863 1385 3932; baseline -0.009 -13"><span class='ocrx_word' id='word_1_343' title='bbox 298 3865 386 3919; x_wconf 81' lang='lat' dir='ltr'><strong>tiones</strong></span> <span class='ocrx_word' id='word_1_344' title='bbox 415 3867 447 3917; x_wconf 93' lang='lat' dir='ltr'><em>ab</em></span> <span class='ocrx_word' id='word_1_345' title='bbox 481 3869 515 3917; x_wconf 87' lang='lat' dir='ltr'><strong>iis</strong></span> <span class='ocrx_word' id='word_1_346' title='bbox 543 3865 841 3932; x_wconf 85' lang='lat' dir='ltr'><strong>Constantinopolitano</strong></span> <span class='ocrx_word' id='word_1_347' title='bbox 872 3865 1039 3931; x_wconf 82' lang='lat' dir='ltr'><strong>patriarchae</strong></span> <span class='ocrx_word' id='word_1_348' title='bbox 1076 3871 1106 3914; x_wconf 88' lang='lat' dir='ltr'><em>ct</em></span> <span class='ocrx_word' id='word_1_349' title='bbox 1130 3863 1267 3930; x_wconf 83' lang='lat' dir='ltr'><strong>episcopis</strong></span> <span class='ocrx_word' id='word_1_350' title='bbox 1299 3863 1385 3912; x_wconf 84' lang='lat' dir='ltr'><strong>missae</strong></span> 
     </span>
     <span class='ocr_line' id='line_1_38' title="bbox 298 3932 1384 4001; baseline -0.007 -13"><span class='ocrx_word' id='word_1_351' title='bbox 298 3944 387 4001; x_wconf 87' lang='lat' dir='ltr'><strong>erant,</strong></span> <span class='ocrx_word' id='word_1_352' title='bbox 414 3937 581 3988; x_wconf 84' lang='lat' dir='ltr'><strong>declarantes</strong></span> <span class='ocrx_word' id='word_1_353' title='bbox 606 3936 746 3988; x_wconf 83' lang='lat' dir='ltr'><strong>horribilia</strong></span> <span class='ocrx_word' id='word_1_354' title='bbox 775 3945 801 3987; x_wconf 88' lang='lat' dir='ltr'><em>et</em></span> <span class='ocrx_word' id='word_1_355' title='bbox 819 3937 934 3988; x_wconf 81' lang='lat' dir='ltr'><strong>nefanda</strong></span> <span class='ocrx_word' id='word_1_356' title='bbox 951 3935 1054 3987; x_wconf 86' lang='lat' dir='ltr'><strong>scelera</strong></span> <span class='ocrx_word' id='word_1_357' title='bbox 1080 3949 1133 3985; x_wconf 90' lang='lat' dir='ltr'><em>uon</em></span> <span class='ocrx_word' id='word_1_358' title='bbox 1154 3932 1242 3984; x_wconf 90' lang='lat' dir='ltr'><strong>solum</strong></span> <span class='ocrx_word' id='word_1_359' title='bbox 1263 3933 1384 3987; x_wconf 81' lang='lat' dir='ltr'><strong>christis-</strong></span> 
     </span>
     <span class='ocr_line' id='line_1_39' title="bbox 296 4003 1384 4070; baseline -0.007 -10"><span class='ocrx_word' id='word_1_360' title='bbox 296 4023 388 4060; x_wconf 90' lang='lat' dir='ltr'><strong>nornm</strong></span> <span class='ocrx_word' id='word_1_361' title='bbox 407 4008 515 4059; x_wconf 87' lang='lat' dir='ltr'><strong>auribus</strong></span> <span class='ocrx_word' id='word_1_362' title='bbox 535 4008 627 4058; x_wconf 87' lang='lat' dir='ltr'><strong>odiosa</strong></span> <span class='ocrx_word' id='word_1_363' title='bbox 646 4014 672 4058; x_wconf 87' lang='lat' dir='ltr'><em>et</em></span> <span class='ocrx_word' id='word_1_364' title='bbox 690 4007 770 4060; x_wconf 81' lang='lat' dir='ltr'><strong>valde</strong></span> <span class='ocrx_word' id='word_1_365' title='bbox 788 4007 962 4058; x_wconf 87' lang='lat' dir='ltr'><strong>abominanda</strong></span> <span class='ocrx_word' id='word_1_366' title='bbox 981 4008 1029 4058; x_wconf 89' lang='lat' dir='ltr'><strong>sed</strong></span> <span class='ocrx_word' id='word_1_367' title='bbox 1046 4006 1124 4057; x_wconf 86' lang='lat' dir='ltr'><strong>etiam</strong></span> <span class='ocrx_word' id='word_1_368' title='bbox 1139 4004 1260 4056; x_wconf 86' lang='lat' dir='ltr'><strong>barbaris</strong></span> <span class='ocrx_word' id='word_1_369' title='bbox 1279 4003 1384 4070; x_wconf 77' lang='lat' dir='ltr'><strong>religio-</strong></span> 
     </span>
     <span class='ocr_line' id='line_1_40' title="bbox 230 4068 1385 4152; baseline -0.009 -21"><span class='ocrx_word' id='word_1_370' title='bbox 230 4145 233 4152; x_wconf 24' lang='grc' dir='ltr'>ι</span> <span class='ocrx_word' id='word_1_371' title='bbox 296 4081 338 4131; x_wconf 89' lang='lat' dir='ltr'><strong>nis</strong></span> <span class='ocrx_word' id='word_1_372' title='bbox 358 4081 443 4131; x_wconf 89' lang='lat' dir='ltr'><strong>omnis</strong></span> <span class='ocrx_word' id='word_1_373' title='bbox 460 4079 561 4146; x_wconf 80' lang='lat' dir='ltr'><strong>ignaris</strong></span> <span class='ocrx_word' id='word_1_374' title='bbox 586 4079 682 4130; x_wconf 87' lang='lat' dir='ltr'><strong>inrisa.</strong></span> <span class='ocrx_word' id='word_1_375' title='bbox 727 4080 749 4130; x_wconf 88' lang='lat' dir='ltr'><strong>is</strong></span> <span class='ocrx_word' id='word_1_376' title='bbox 772 4079 851 4142; x_wconf 89' lang='lat' dir='ltr'><strong>enim,</strong></span> <span class='ocrx_word' id='word_1_377' title='bbox 870 4079 1008 4146; x_wconf 82' lang='lat' dir='ltr'><strong>inquiunt,</strong></span> <span class='ocrx_word' id='word_1_378' title='bbox 1038 4077 1142 4145; x_wconf 89' lang='lat' dir='ltr'><strong>quaudo</strong></span> <span class='ocrx_word' id='word_1_379' title='bbox 1171 4073 1330 4127; x_wconf 76' lang='lat' dir='ltr'><strong>el&#39;ribailis</strong></span> <span class='ocrx_word' id='word_1_380' title='bbox 1348 4068 1385 4123; x_wconf 84' lang='lat' dir='ltr'><strong>rel</strong></span> 
     </span>
     <span class='ocr_line' id='line_1_41' title="bbox 297 4145 1385 4216; baseline -0.009 -14"><span class='ocrx_word' id='word_1_381' title='bbox 297 4151 406 4202; x_wconf 87' lang='lat' dir='ltr'><strong>aliunde</strong></span> <span class='ocrx_word' id='word_1_382' title='bbox 425 4149 470 4201; x_wconf 91' lang='lat' dir='ltr'><em>ubi</em></span> <span class='ocrx_word' id='word_1_383' title='bbox 490 4148 609 4201; x_wconf 85' lang='lat' dir='ltr'><strong>occultas</strong></span> <span class='ocrx_word' id='word_1_384' title='bbox 634 4163 683 4216; x_wconf 84' lang='lat' dir='ltr'><strong>pro</strong></span> <span class='ocrx_word' id='word_1_385' title='bbox 709 4156 829 4216; x_wconf 86' lang='lat' dir='ltr'><strong>tempore</strong></span> <span class='ocrx_word' id='word_1_386' title='bbox 849 4149 1027 4202; x_wconf 81' lang='lat' dir='ltr'><strong>habitationes</strong></span> <span class='ocrx_word' id='word_1_387' title='bbox 1051 4146 1183 4210; x_wconf 86' lang='lat' dir='ltr'><strong>babuerit,</strong></span> <span class='ocrx_word' id='word_1_388' title='bbox 1204 4145 1385 4201; x_wconf 78' lang='lat' dir='ltr'><strong>Constantino-</strong></span> 
     </span>
     <span class='ocr_line' id='line_1_42' title="bbox 297 4215 1386 4290; baseline -0.006 -16"><span class='ocrx_word' id='word_1_389' title='bbox 297 4221 380 4290; x_wconf 80' lang='lat' dir='ltr'><strong>polim</strong></span> <span class='ocrx_word' id='word_1_390' title='bbox 398 4235 428 4276; x_wconf 86' lang='lat' dir='ltr'><em>ss</em></span> <span class='ocrx_word' id='word_1_391' title='bbox 448 4219 577 4285; x_wconf 80' lang='lat' dir='ltr'><strong>conferat,</strong></span> <span class='ocrx_word' id='word_1_392' title='bbox 599 4219 684 4275; x_wconf 83' lang='lat' dir='ltr'><strong>soiius</strong></span> <span class='ocrx_word' id='word_1_393' title='bbox 702 4220 807 4278; x_wconf 85' lang='lat' dir='ltr'><strong>Callisti</strong></span> <span class='ocrx_word' id='word_1_394' title='bbox 825 4220 993 4288; x_wconf 78' lang='lat' dir='ltr'><strong>patriarchae</strong></span> <span class='ocrx_word' id='word_1_395' title='bbox 1014 4219 1212 4274; x_wconf 79' lang='lat' dir='ltr'><strong>contubernalis</strong></span> <span class='ocrx_word' id='word_1_396' title='bbox 1237 4225 1265 4271; x_wconf 84' lang='lat' dir='ltr'><em>et</em></span> <span class='ocrx_word' id='word_1_397' title='bbox 1282 4215 1386 4272; x_wconf 81' lang='lat' dir='ltr'><strong>convic-</strong></span> 
     </span>
    </p>
   </div>
   <div class='ocr_carea' id='block_1_4' title="bbox 0 0 1500 4916">
    <p class='ocr_par' dir='ltr' id='par_1_4' title="bbox 0 0 1500 4916">
     <span class='ocr_line' id='line_1_43' title="bbox 0 0 1500 4916; baseline 0 0"><span class='ocrx_word' id='word_1_398' title='bbox 0 0 1500 4916; x_wconf 95' lang='lat' dir='ltr'><em> </em></span> 
     </span>
    </p>
   </div>
  </div>
 </body>
</html>
