2992 4916
255 375 257 378 ·
284 339 357 414 508
578 343 802 414 munitioni
833 342 1062 412 flasconis

282 513 441 596 τεθνηκὸς
456 508 511 576 οῦκ
533 509 686 576 ἐσάλευσε
707 511 770 574 τῦν
792 505 889 573 αὐτοῦ
902 511 1026 595 φρενῶν
1042 505 1100 586 τὰς
1121 512 1289 596 κρηπῖδας,
1311 508 1382 578 οὐδ’

285 609 429 692 ἀθυμίαν
453 611 621 696 ἀνήκεστον
645 609 802 693 εῦθυμίας
828 609 1031 687 ἀλλάξασθαι
1054 613 1253 698 προσκαίρου
1276 612 1382 698 παρέ-

283 734 405 776 πεισεν·
451 711 518 776 ἀλλ’
542 712 748 792 αὐτοσχέδιον
776 711 965 795 ξενηλασίαν
986 705 1254 796 μηχανησάμενος
1276 714 1382 799 αὐθη-

281 810 380 896 μερὸν
402 811 603 899 θρηνούντων
633 812 699 896 ἅμα
729 813 784 876 καί
814 813 1021 898 θρηνουσιῦν,
1052 813 1105 877 ἐπί
1139 816 1195 899 τής
1223 813 1383 900 προτέρας

284 907 379 988 αὖθις
401 913 573 997 κατέστησε
594 912 758 998 θυμηδίας
773 911 814 978 τὰ
837 913 1018 999 πράγματα,
1040 914 1096 977 καί
1115 913 1407 1000 προσκαλεσάμε-5

199 1031 213 1046 “
284 1026 336 1090 νὀς
358 1012 438 1097 μετὰ
457 1016 564 1099 τρίτην
586 1017 708 1079 ἐκεῖθεν
731 1013 855 1099 ἡμέραν
874 1011 928 1078 τόν
948 1014 1018 1079 νέον
1037 1017 1204 1101 μνηστῆρα
1224 1013 1279 1080 τὸν
1298 1015 1382 1102 βάρ-

283 1120 385 1202 βαρον
406 1117 487 1181 κατά
506 1143 537 1181 τι
561 1120 727 1202 ,κρατήσαν
759 1118 834 1194 ἔθος
855 1119 889 1181 ἐκ
909 1120 1065 1196 παλαιοῦ,
1087 1115 1143 1203 τήν
1162 1119 1382 1204 μνηστευομέ·

284 1240 340 1301 νην
367 1215 485 1295 ἔδειξεν
512 1217 600 1304 adalgi
633 1219 730 1303 κόρην
761 1216 843 1304 πρὸς
876 1216 1005 1282 δέκατον
1039 1215 1111 1304 ῦρτι
1141 1220 1383 1305 προβαίνουσαν

218 1320 274 1372 14
284 1316 361 1394 ἔτος.
403 1316 521 1382 τοίαων
542 1321 570 1384 δ’
593 1316 674 1382 οῦτω
701 1319 911 1406 διῳκημένων,
935 1317 1044 1404 ἐπειδὴ
1059 1320 1114 1404 τήν
1137 1325 1169 1397 ἐς
1189 1318 1242 1384 τὸν
1263 1320 1382 1387 ’Λυτα-

281 1417 374 1503 κηνὸν
396 1416 511 1483 κόλπον
544 1415 562 1482 ὅ
588 1418 739 1501 βασιλεῦς
772 1420 886 1504 ἀκήκοε
919 1420 1059 1485 κάθοδον
1087 1423 1120 1484 ἐκ
1151 1419 1290 1495 Νικαίας
1325 1421 1383 1486 τοῦ
1394 1429 1422 1483 ts

276 1518 437 1605 Ὑρκανοῦ,
459 1518 645 1598 ἐξέπλευσεν
676 1517 772 1594 εῦθῦς
808 1519 865 1584 σάν
888 1545 922 1604 γε
958 1523 1004 1607 τῷ
1024 1523 1080 1584 τοῦ
1098 1520 1250 1606 Ὑρκανοῦ
1277 1522 1381 1598 παιδί,

280 1621 336 1685 καί
354 1613 409 1704 ἧκε
436 1622 619 1706 δευτεραῖος
649 1621 750 1683 ἐκεῖσε
778 1621 833 1686 καί
866 1613 972 1698 οὗτος,
1005 1619 1179 1696 άποδιδοῦς
1207 1623 1254 1707 rigi
1281 1621 1382 1705 πατρί

278 1719 333 1786 τὸν
354 1721 455 1784 παῖδα
477 1723 532 1785 καί
555 1719 621 1803 ἅμα
646 1721 742 1798 dulcio
764 1720 803 1784 τά
826 1722 971 1805 σάμβολσ
990 1725 1045 1805 τῆς
1066 1725 1220 1806 διαδοχῆς
1240 1725 1296 1807 τῆς
1318 1723 1382 1784 ταῖν

278 1824 431 1885 Βιθυνῶν
455 1821 557 1907 άρχής
576 1820 712 1906 τήμερον
739 1821 825 1908 adalgi
846 1825 1048 1908 ἐγχειρίσαι·
1103 1827 1226 1888 δίκαιον
1246 1821 1308 1907 γὰρ
1334 1813 1379 1884 εἶ-

219 1953 222 1962 ’
278 1944 332 1988 ναι
353 1922 408 1985 καί
440 1919 482 1998 οῦς
516 1926 579 1987 τιῦν
609 1913 713 1986 ἄλλων
744 1925 869 1988 παίδων
900 1926 1021 2006 μᾶλλον
1053 1923 1140 2010 αὐτῷ
1167 1922 1379 2008 ἀγαπωμένην,
1390 1944 1419 1996 15

279 2024 335 2087 καί
353 2021 396 2100 οῦς
416 2027 574 2108 μνηστῆρι
594 2028 649 2108 τῆς
666 2023 825 2107 βασιλέως
852 2026 1028 2109 θυγατρός,
1062 2025 1118 2088 καί
1150 2022 1192 2099 ὥς
1224 2024 1301 2108 ἀξίην
1324 2026 1381 2105 τῆς

267 2125 385 2210 ,ἀρχῆς
409 2123 463 2188 διά
483 2147 517 2189 τε
540 2122 574 2189 τό
597 2126 742 2209 άνδρεῖον
763 2129 817 2208 τῆς
838 2127 962 2210 μνάμης
975 2127 1030 2190 καί
1049 2123 1215 2211 ῥωμαλέον
1234 2126 1291 2189 τοῦ
1314 2123 1379 2187 σά-

279 2250 380 2309 ματος
401 2226 456 2290 καί
478 2226 558 2313 πρός
578 2252 613 2312 με
643 2226 677 2292 τὸ
709 2231 764 2310 τής
795 2227 980 2311 φρονήσεως
1005 2226 1183 2312 δραστικόν.
1224 2227 1316 2289 τοῦτο
1339 2221 1380 2306 δή

280 2322 336 2392 οῦν
359 2328 414 2392 καί
427 2328 527 2392 πάλαι
548 2329 770 2415 βεβουλημένιρ
784 2353 817 2392 τε
832 2328 887 2392 καί
901 2328 1141 2414 βεβουλευμένην
1164 2323 1378 2413 τιβὙρκανρῗ,

280 2429 349 2492 ἐπεὶ
370 2428 425 2492 καί
445 2426 499 2492 τὸν
518 2431 574 2492 τοῦ
594 2429 753 2510 βασιλέως
774 2427 984 2510 συμπέπτωκε
1003 2427 1083 2503 τέως
1104 2423 1276 2512 ἐρεθισμόν
1299 2441 1419 2496 συν-ρο

281 2527 372 2613 ερηνόν
401 2530 442 2614 τῇ
471 2530 590 2594 ἐκείνου
611 2529 708 2615 ταίτη
743 2529 895 2613 βουλήσει
924 2529 1094 2614 γενέσθαι,
1128 2525 1229 2616 ῥᾷστα
1265 2520 1379 2588 λοιπὸν

210 2640 264 2692 15
279 2628 334 2692 καί
354 2626 395 2692 τὰ
414 2632 470 2711 τῆς
494 2630 646 2714 αἰτήσεως
668 2633 858 2716 πεπρᾶχθαι
882 2629 997 2708 ἔδοξεν.
1041 2627 1118 2694 ὅθεν
1141 2628 1196 2692 καί
1217 2649 1376 2711 στρατιω-

253 2717 340 2793 ιτιῦν
360 2727 550 2812 ’Βυζαντίων
575 2733 692 2811 συχνοί
707 2753 804 2808 τινες,
840 2730 895 2795 καὶ
919 2729 985 2813 ἅμα
1013 2731 1076 2793 τάν
1098 2726 1230 2812 εῦμενιῦν
1252 2724 1378 2808 ἀνδροῖν

280 2828 335 2892 οὐκ
359 2828 475 2917 ὀλίγον,
489 2839 554 2907 τοῖς
581 2833 757 2918 βαρβάρων
782 2833 897 2914 ἀναμίξ
919 2829 1125 2917 στρατιώταις
1155 2826 1210 2893 τὸν
1231 2827 1288 2892 τοῦ
1303 2823 1376 2908 Ὑρ-

146 2923 261 2982 ί2541·
276 2932 375 2994 κανοῦ
394 2931 610 3016 προέπεμψαν
625 2933 810 3007 παῖδα,ὀάν
822 2956 857 3017 γε
872 2932 1047 3014 κυμβάλοις
1060 2929 1115 2995 καί
1133 2928 1308 3012 τυμπάνοις
1319 2921 1377 2988 καί
1384 2949 1417 3003 25

277 3240 302 3292 ci
326 3239 474 3307 persuasit,
503 3248 533 3290 ut
561 3241 693 3291 tristitiam
716 3254 774 3291 oum
800 3239 934 3291 hilaritate
953 3244 1140 3303 commutaret,
1170 3239 1216 3290 sed
1235 3237 1295 3289 sinc
1315 3245 1374 3290 arte

276 3311 322 3362 ubi
342 3311 462 3375 hospites
481 3309 583 3376 depulit
602 3327 680 3378 quum
701 3312 820 3379 quotidie
840 3319 867 3362 ct
885 3311 936 3361 uiri
957 3318 983 3361 ct
1002 3309 1128 3362 mulieres
1157 3309 1372 3371 lamentarentur,

277 3382 362 3448 priori
381 3379 509 3431 hilaritati
537 3383 693 3433 retradidit
718 3390 744 3433 ct
763 3383 842 3433 tertio
862 3382 906 3432 die
926 3395 1025 3448 sponso
1046 3381 1139 3432 inveni
1168 3379 1279 3431 barbaro
1298 3393 1373 3431 more

278 3451 390 3518 quodam
417 3451 526 3518 antiquo
553 3467 675 3518 sponsam
695 3454 810 3504 ostendit
833 3450 949 3518 puellam
973 3453 1065 3503 dcccm
1085 3451 1143 3502 lere
1167 3465 1249 3502 annos
1275 3457 1373 3500 natam.

278 3535 446 3589 quaequam
473 3537 505 3573 eo
538 3530 627 3574 essent
646 3524 755 3586 aducis,
775 3539 840 3587 rcx,
868 3523 956 3574 audito
977 3523 1092 3587 llyrcani
1112 3523 1211 3574 Nicaea
1240 3521 1267 3572 in
1286 3521 1373 3572 sinum

277 3595 438 3646 Astacenum
460 3593 567 3655 itinere,
588 3595 675 3644 statim
695 3610 753 3644 cum
772 3593 888 3659 Hyrcani
909 3593 964 3644 lilio
983 3593 1131 3660 navigavit.
1168 3592 1219 3643 illc
1236 3591 1298 3642 dein
1319 3590 1372 3641 linc

277 3664 362 3716 venit.
381 3663 479 3714 tradito
501 3665 567 3729 patri
587 3665 642 3715 lilio
672 3665 830 3716 documenta
857 3665 1005 3730 recipiendi
1030 3664 1107 3731 regni
1128 3663 1262 3729 Bithynici
1293 3661 1373 3713 hodic

278 3736 303 3795 ci
323 3734 390 3784 tradi
409 3734 492 3785 iubet.
512 3735 619 3802 dignum
640 3751 699 3786 esse
719 3737 818 3802 quippe
838 3736 883 3802 qui
903 3737 988 3802 magis
1007 3749 1084 3801 quum
1098 3735 1181 3784 ceteri
1200 3733 1279 3784 liberi
1297 3748 1374 3783 arna.

275 3813 359 3868 retur,
378 3807 477 3871 quippe
496 3807 541 3873 qni
559 3808 631 3873 regis
649 3807 722 3857 filiae
740 3822 853 3871 sponsus
873 3815 958 3869 esset,
983 3807 1105 3873 dignum&
1119 3819 1180 3856 csse
1201 3817 1287 3871 regno
1305 3817 1373 3870 pro-

275 3882 336 3943 pter
361 3875 466 3925 virilem
490 3877 603 3927 animum
626 3885 653 3928 et
678 3878 798 3943 eorporis
827 3876 908 3928 robur
933 3884 960 3928 ct
990 3884 1123 3926 strenuam
1148 3881 1272 3926 mentem.
1320 3873 1372 3924 hoc

276 3945 407 4014 quondam
427 3954 530 4012 optarat
552 3947 688 4013 llyrcanus
722 3957 748 4000 et
776 3949 862 3998 animo
888 3957 942 3999 tum
968 3946 1115 4009 volvebat,
1135 3960 1214 4013 quum
1235 3945 1305 3995 lortc
1324 3959 1373 4010 per

274 4032 367 4085 regem
387 4021 548 4068 excitaretur
564 4018 629 4068 illud
646 4019 806 4069 desiderium
821 4019 901 4072 facile
914 4018 1018 4086 reliqua
1032 4018 1126 4082 petitio
1137 4016 1275 4081 impetrari
1293 4029 1374 4081 posse

276 4089 335 4139 visa
356 4096 405 4139 est.
443 4088 538 4162 deinde
560 4087 659 4161 milites
679 4089 868 4154 Byzantiorum
894 4089 969 4140 multi
989 4089 1093 4156 quidam
1122 4095 1149 4138 ct
1167 4086 1299 4138 nobilium
1321 4085 1373 4136 lic.

276 4160 375 4209 minum
394 4173 449 4210 non
468 4159 545 4224 pauci
566 4174 623 4207 cum
642 4159 814 4210 barbarorum
827 4159 954 4211 militibus
973 4159 1046 4208 nrixti
1066 4157 1183 4224 Hyrcani
1203 4157 1289 4208 lilium
1307 4171 1376 4222 pto-

277 4231 409 4286 duxerunt
424 4244 482 4282 oum
494 4228 623 4296 cymbulis
635 4237 662 4282 et
673 4233 804 4298 tympanis
822 4239 848 4282 ct
860 4226 930 4297 picto
947 4230 1024 4297 regni
1038 4229 1114 4298 signo
1126 4241 1212 4296 usquo
1229 4228 1262 4280 ad
1283 4227 1376 4280 urbem
