2926 4906
234 330 459 400 nrsnoman
487 329 896 396 nmsnmnsnxxxrv.
920 307 1045 392 t-5.
1133 312 1205 390 iis
1256 281 1259 290 ’

111 489 205 570 εἴτις
226 491 363 579 λαλήσει
382 492 462 579 πρός
485 493 578 579 φίλον
601 489 714 556 αὐτοῧῖ
757 489 812 556 καί
834 487 927 566 αὐτός
950 485 1125 574 δ’άντικρός
1147 511 1210 572 φη-

111 619 159 658 σιν
182 593 200 660 ό
223 594 305 672 θεός
324 594 438 678 ‘oripo
461 591 542 660 κατά
563 593 664 677 οτόμα
684 594 811 680 λαλήσφ
831 591 916 679 αὐτῷ
936 592 970 657 ἐν
986 588 1064 656 εἴδει
1084 591 1139 654 καί
1156 586 1210 652 οὗ·

111 697 150 786 δι’
169 697 396 782 αἰνιγμάτων.”

197 797 309 884 ’Πρός
321 800 420 862 ταῦτα
435 795 635 882 ὄΓρηγοράς
652 795 828 880 όπήντησεν
844 793 963 862 οὑτωσί
973 818 1050 869 πως.
1073 795 1101 856 εἰ
1112 789 1210 875 ἐμμό-
1221 825 1246 877 4

87 887 172 965 5νείν
194 898 372 981 βούλοισθε
392 905 462 974 ταῖς
483 905 603 973 κοιναῖς
623 898 757 971 ἐκείναις
785 899 841 980 τῆς
868 899 924 960 τοῦ
945 893 1212 977 θεοῦζέκκλησίας

109 1001 257 1077 ἐννοίαις,
286 997 330 1076 ὥς
346 1003 406 1082 μία
426 997 516 1084 παρά
537 1002 635 1064 πᾶσιν
654 996 854 1082 ὁμολογεῖται
876 997 989 1080 δεότης
1008 991 1169 1071 άκτιστος,
1192 991 1338 1079 {ibim

112 1098 149 1182 δὴ
170 1101 228 1165 καί
250 1099 348 1165 οὐσία
371 1101 427 1165 καί
450 1099 546 1186 φόσις
564 1105 705 1162 καλεῖται
731 1101 786 1162 καί
813 1099 847 1163 ἓν
872 1101 941 1184 φοῑς
962 1098 1135 1182 ἀπρόσιτον
1157 1097 1213 1160 καί

113 1198 293 1280 άδιάδοχον
318 1201 491 1283 άειλαμπὲς
520 1199 576 1264 καί
600 1198 785 1286 τριλαμπός,
812 1195 861 1282 εἴη
891 1195 929 1262 άν
950 1197 1006 1261 καί
1028 1195 1119 1282 λόγος
1138 1194 1214 1280 ἡμῖν

110 1302 164 1366 καί
186 1303 345 1380 διάλεξις·
402 1305 436 1366 ἐν
464 1302 572 1366 ἐλπίσι
602 1301 663 1387 γάρ
694 1304 823 1364 κεῖσθαι
853 1299 1003 1384 προϊοῦσι
1032 1295 1087 1382 τήν
1105 1320 1139 1359 τε
1157 1298 1213 1378 τῆς
1236 1303 1239 1319 “

73 1411 102 1473 it)
112 1402 268 1484 ἀληθείας
305 1401 431 1488 εὕρεσιν
457 1402 511 1467 καὶ
534 1400 590 1486 τὴν
610 1405 666 1485 τῆς
695 1400 808 1475 κακίας
830 1399 1013 1484 ἀναίρεσιν·
1058 1395 1162 1472 άλλως
1184 1401 1212 1462 δ’

112 1499 241 1584 ἄμεινον
275 1507 412 1592 σιωπηῖν.
469 1501 539 1567 ἐπεὶ
565 1503 672 1566 τοίνυν
698 1497 753 1584 τήν
783 1497 886 1585 άρχήν
916 1506 987 1574 ταῖς
1018 1505 1139 1574 κοιναῖς
1158 1499 1214 1582 τῆς

111 1603 284 1686 ἐκκλησίας
308 1604 443 1679 ἐννοίαις
465 1603 520 1666 καί
546 1605 610 1665 τόν
643 1601 807 1686 δογμάτων
829 1597 1060 1684 ιδμολογήκατε,
1084 1597 1154 1662 δέον
1174 1597 1215 1664 τά

112 1695 251 1784 ἑπόμενα
276 1704 450 1782 δέχεσθαι·
496 1705 524 1767 εἰ
546 1706 576 1767 δ’
595 1696 659 1778 miv,
681 1695 814 1776 ἑαυτοὺς
836 1701 891 1788 ἀφ’
914 1694 1020 1782 ἑστίας
1042 1698 1132 1768 αὐτοὶ
1155 1723 1213 1762 κα-

110 1801 253 1866 sciisse·
309 1803 365 1868 καί
395 1806 463 1879 πῶς
499 1800 603 1868 άλλων
632 1802 784 1888 λεγόντων
821 1801 985 1880 άνέξεσθες
1014 1795 1035 1884 ἢ
1058 1799 1112 1866 ἐπὶ
1131 1801 1214 1866 τίσιν

79 1903 234 1974 15ἐλπίσιν
272 1901 507 1989 ἀναμφιβόλως
542 1902 559 1968 ό
597 1902 904 1989 προσδιαλεγόμενος
934 1899 989 1966 τόν
1021 1904 1077 1966 τοῦ
1113 1898 1214 1986 λέγειν

115 2001 236 2082 μόχθον
257 2001 432 2085 άπομενεῖς
463 2004 532 2068 ἐπεί
552 2004 658 2068 τοίνυν
679 2006 768 2066 θεῖον
791 2000 826 2066 τό
857 2003 960 2086 δόγμα
978 2001 1034 2065 καί
1052 2000 1140 2085 κοινὴ
1158 2003 1213 2083 τῆς
1224 2037 1248 2089 5

118 2103 282 2188 ἐκκλησίας
302 2103 408 2168 ἔννοιά
437 2107 522 2170 ἐστιν
556 2103 599 2181 aig
620 2103 696 2168 θεὸν
720 2103 825 2180 οὐδεὶς
857 2099 979 2190 ἓιόρακε
999 2106 1124 2170 coicere
1148 2093 1212 2169 osi'?

118 2200 186 2268 ἰδεῖν
210 2204 351 2269 δόναταί
368 2229 415 2280 τις
439 2200 501 2270 οὔτ’
519 2205 666 2290 ’άγγὲλιον
686 2200 749 2268 οὔτ’
774 2205 962 2290 άνδροόπων,
986 2201 1014 2270 εἷ
1033 2207 1092 2288 μὲν
1118 2204 1211 2268 εὐπο-

116 2302 270 2387 ρήσαιμεν
294 2305 328 2368 ἐκ
350 2309 407 2369 τοῦ
436 2305 546 2382 εὐθέος
565 2307 752 2392 μαρτυριῶν
780 2309 957 2392 γραφικόν,
980 2305 1083 2371 οὐκέτι
1101 2305 1213 2390 χάραν
1247 2312 1249 2316 ’

82 2399 195 2480 λλέχειν
215 2401 328 2490 χρεόν
360 2403 395 2470 τό
418 2395 715 2492 όμφισβητήάιμον·
768 2407 796 2468 εἰ
819 2404 919 2489 δὲμὴ
943 2408 1035 2470 τοῦθ’
1056 2405 1133 2491 ἡμῖν
1152 2407 1212 2491 άρ-

113 2503 185 2579 τίσις
198 2507 233 2568 ἐκ
255 2508 315 2569 τοῦ
336 2503 454 2595 ῥᾴστου
466 2493 666 2592 προσγίνδιτο
689 2503 742 2570 διά
764 2503 799 2570 τό
811 2506 928 2591 γρῖφόν
942 2531 977 2571 τε
993 2505 1048 2572 καί
1070 2505 1212 2589 ὅμιχλοῖε

116 2603 164 2678 (isc
195 2610 254 2688 τῆς
286 2607 437 2691 γραφῆς,
470 2605 739 2690 παραπετάσματι
771 2607 1008 2691 καλυπτομένης
1043 2608 1141 2673 ἐνίοτε
1172 2607 1213 2691 τῇ

115 2699 255 2796 άσαφείρι
294 2707 348 2770 διά
370 2728 404 2769 τε
427 2704 499 2782 τοὺς
532 2706 686 2790 βεβήλους
719 2705 801 2771 κατά
830 2707 948 2791 τρόπον
977 2696 1212 2793 οἶκονομίας,ᾖ

115 3001 211 3056 minum
229 3006 368 3059 sedentem
397 3009 425 3060 in
443 3009 540 3062 throno
571 3007 625 3061 nito
654 3016 681 3062 st
702 3009 792 3074 firmo,
823 3015 851 3060 et
867 3023 958 3062 rursus
977 3009 1078 3064 boseus
1097 3009 1214 3079 legimns

115 3085 241 3128 narrures
273 3076 379 3131 locutus
406 3087 446 3131 est
471 3081 593 3132 dominns
621 3095 679 3132 enm
699 3081 772 3132 bione
796 3081 830 3132 (ie
860 3094 908 3136 ore
932 3081 965 3132 su
984 3095 1030 3144 os,
1048 3081 1087 3132 ita
1106 3089 1137 3134 ut
1155 3099 1213 3138 cnm
1311 3117 1314 3124 ·

115 3145 209 3198 amieo.
254 3155 281 3198 et
304 3151 363 3214 ipse
384 3151 450 3202 deus
473 3151 555 3202 dixit:
580 3153 613 3203 δε
632 3165 679 3202 ore
703 3150 735 3202 ad
754 3164 784 3202 os
802 3150 898 3218 loquar
923 3166 982 3203 com
1004 3166 1037 3203 eo
1055 3152 1088 3204 ad
1106 3151 1214 3218 faciem,

117 3227 167 3266 non
185 3232 235 3283 per
255 3221 414 3287 aenigmata.
531 3229 534 3234 '

214 3307 255 3358 Ao
275 3307 342 3359 baec
364 3309 496 3378 Gregoras
522 3311 559 3363 ito
586 3312 645 3364 iere
662 3312 816 3376 respondite
840 3311 863 3362 si
889 3312 1064 3379 acquiescere
1084 3309 1167 3362 ruitis
1186 3311 1214 3361 iu

118 3377 299 3430 communibus
317 3379 373 3430 iilis
391 3381 498 3432 divinae
525 3383 658 3436 ecclesiae
679 3383 828 3445 sententiis,
846 3397 924 3434 unam
950 3397 1011 3434 esse
1027 3383 1128 3449 pariter
1145 3382 1214 3448 apud

119 3451 208 3496 ornnes
226 3449 351 3501 deitatem
371 3451 532 3516 increatam,
561 3471 630 3522 quae
660 3461 687 3504 et
704 3455 819 3504 essentia
845 3461 871 3504 et
895 3461 989 3505 natura
1008 3452 1168 3520 appellatur,
1189 3461 1215 3504 et

117 3525 193 3595 noum
214 3517 300 3569 lucem
319 3522 532 3575 inaccessibilem
552 3534 579 3577 et
596 3522 903 3590 incomprehensibilem,
929 3524 1169 3591 semperlncentcrn
1189 3530 1216 3574 et

119 3583 298 3653 emimentem,
320 3592 372 3642 erit
388 3592 465 3643 vobis
485 3595 554 3645 ratio
570 3604 596 3646 et
615 3595 790 3660 disceptatio,
810 3595 910 3660 quippe
930 3596 975 3661 qni
994 3596 1022 3645 in
1041 3610 1090 3662 spe
1107 3595 1214 3660 ponatis

122 3650 178 3705 iore
198 3665 226 3708 ut
245 3661 344 3712 veritas
380 3663 551 3728 inuenietur,
576 3666 730 3732 improbitas
748 3664 867 3715 tollatur.
911 3664 978 3716 alius
995 3665 1092 3717 meiius
1111 3671 1153 3716 est
1171 3673 1215 3717 tu-

120 3737 191 3788 cere,
211 3745 289 3796 quum
308 3733 391 3800 igitur
410 3733 443 3783 ab
462 3735 539 3785 initio
565 3736 737 3803 conspirastis
756 3749 814 3784 cnm
835 3734 1015 3787 communibus
1035 3735 1169 3788 ecclesius
1189 3742 1216 3786 et

119 3791 268 3860 dogmatum
288 3805 438 3866 sententiis,
459 3805 536 3854 etiam
556 3806 747 3873 consequentia
768 3805 923 3870 accipienda
944 3814 1014 3869 snut,
1035 3820 1087 3873 qno
1109 3806 1215 3874 quidem

122 3861 189 3946 ίρελο
212 3869 408 3924 fundumentum
437 3883 553 3925 restrum
574 3877 705 3928 subletum
726 3883 775 3926 est.
817 3890 877 3927 num
899 3875 1012 3926 aliorum
1031 3877 1150 3928 rationes
1168 3891 1214 3928 re.

122 3937 251 4016 cipietis?
286 3958 319 3994 au
338 3951 428 3995 orator
446 3953 519 3996 certo
539 3946 648 4014 quadum
670 3961 718 4013 spe
736 3946 840 3998 dicendi
858 3945 977 3997 laborem
998 3945 1165 3998 sustinebit?
1192 3947 1214 3997 si

121 4012 200 4069 agn-ur
218 4011 336 4064 divinum
355 4015 450 4082 dogma
476 4023 503 4066 et
523 4019 668 4068 communis
680 4015 825 4068 'ecciesiae
844 4018 976 4068 sententio
996 4025 1050 4082 est,
1082 4017 1215 4068 neminem

122 4087 231 4142 unqraam
252 4085 352 4136 vidisse
371 4087 447 4136 deum
465 4102 516 4138 nec
535 4101 615 4153 posse
635 4088 727 4139 videre
749 4102 904 4156 quemquam
929 4096 975 4139 ant
991 4087 1148 4157 augelorum
1170 4095 1216 4138 ant

121 4140 262 4216 bominum,
285 4155 307 4205 si
327 4156 432 4223 quidem
452 4165 545 4224 aperte
563 4157 649 4225 liquet
668 4173 701 4208 ex
719 4159 825 4226 scriptis
843 4159 1022 4223 testimoniis,
1041 4157 1214 4209 dubitationis

122 4211 195 4270 loeus
214 4222 292 4276 debet
310 4226 401 4280 nulius
424 4229 545 4281 concedi.
591 4229 633 4283 siu
654 4242 720 4282 uero
744 4228 797 4282 boe
822 4229 899 4282 uobis
922 4243 976 4282 uon
1001 4229 1109 4282 omuino
1132 4226 1213 4282 iaoiie
