2992 4918
563 331 809 408 emmaum
1159 340 1230 410 ¹tit

232 497 394 587 urrerem
409 545 413 554 .
427 501 584 580 codicem
614 502 849 582 Porisiensam
886 505 999 603 priori
1031 503 1230 604 'supplendo
1345 541 1350 550 ·

118 639 361 757 'comperimus
389 685 409 734 a
436 661 867 760 FridericoRostgaardio
889 689 970 744 csse
996 689 1044 742 ex
1061 665 1232 744 Vaticano

136 820 361 916 exscriptum,
382 822 593 918 missumque
618 821 774 900 Parisios
799 823 863 900 tali
887 828 1139 926 propemptioo.

585 1083 644 1159 Ad
671 1083 797 1162 librum

304 1224 418 1356 duoles
444 1261 686 1328 dodecasticbon
709 1262 860 1328 briderici
879 1261 1062 1349 Rostgaard.

133 1625 227 1693 Parra
245 1626 338 1710 liber,
361 1643 497 1712 propera
518 1595 672 1690 domin'am
693 1603 871 1710 pertingere
891 1624 930 1690 ad
950 1626 1068 1709 urbem,

214 1730 313 1805 Quam
335 1748 392 1793 rex
412 1729 553 1811 Europae
577 1737 678 1792 terror
700 1745 847 1810 amorque
867 1728 963 1792 fovet.

134 1834 207 1899 lnde
228 1832 425 1899 verecundus
447 1823 608 1895 te'sacras
632 1827 741 1894 confer
761 1832 793 1893 in
816 1829 913 1908 aedes

214 1936 299 2011 Quas
320 1935 383 2000 late
401 1931 533 2017 Augusti
551 1930 741 1996 bibliotheca
761 1928 870 2013 replet.

109 2038 266 2104 oraturi
288 2037 433 2123 continuo
454 2040 578 2116 praesto
606 2039 655 2096 est
673 2035 794 2117 insigne
819 2035 966 2116 virorum,
999 2089 1005 2098 .
1136 2073 1138 2077 -

176 2123 183 2134 ⁸
211 2140 269 2205 ille
292 2155 378 2203 meus
401 2137 543 2200 Clemens
564 2129 770 2216 Boivinusque
792 2153 889 2199 meus.

132 2241 288 2306 Alteruter
307 2247 338 2302 te
359 2236 511 2314 deducet3
530 2236 580 2298 vel
602 2235 708 2300 forsan
728 2243 873 2317 uterque:

87 2327 105 2344 ''
212 2343 317 2408 comis
340 2343 421 2404 enirn
443 2346 508 2403 tota
532 2343 579 2401 est
598 2341 682 2402 natio
704 2336 945 2422 Franoigenum:

131 2445 166 2511 Et
185 2453 218 2510 tc
242 2445 373 2509 Tellerio
395 2444 492 2506 sistet
536 2448 569 2504 tu
590 2448 730 2522 tempora
752 2438 838 2504 sandi

96 2552 124 2606 to
154 2534 157 2540 ’
207 2547 356 2630 Expecta,
377 2551 408 2608 et
427 2544 518 2608 venia
540 2541 661 2606 dissere
680 2559 781 2625 pauca
801 2539 883 2605 data.

130 2650 185 2714 Dic
205 2671 225 2717 a
248 2669 308 2733 quo
330 2652 441 2714 missus
463 2650 582 2728 venias,
606 2655 638 2710 et
658 2663 748 2728 quam
769 2661 889 2708 memor
909 2659 1006 2724 usque

210 2754 335 2818 Mittens
358 2751 484 2816 Tellcrii
505 2750 630 2814 nomina
653 2755 760 2812 sancta
781 2746 872 2810 colat.

130 2854 243 2937 Nempe
264 2855 391 2918 iubente
412 2853 464 2919 illo
487 2851 589 2914 cuncti
609 2857 737 2931 patuere
759 2863 903 2911 recessus

210 2957 290 3020 Dum
311 2963 364 3020 tua
385 2973 445 3035 mc,
469 2952 556 3017 dives
573 2951 724 3033 Sequana,
744 2952 811 3030 ripa
831 2955 924 3028 tenet,

95 3055 296 3142 ¹⁵Utiiiusque
317 3058 420 3123 datum
441 3064 489 3122 est
512 3056 631 3141 regalia
652 3060 734 3118 tecta
754 3053 860 3116 subire

170 3237 173 3244 ¹
199 3161 413 3242 ¹biillenosquc
432 3160 519 3223 libris
543 3156 721 3241 invigilasse
746 3153 824 3218 dies.
902 3159 904 3170 '

130 3260 184 3325 Die
203 3281 260 3345 pro
282 3269 329 3326 tot
347 3263 476 3342 meritis,
502 3277 561 3342 qua
579 3258 642 3323 lato
664 3255 839 3321 extenditur
860 3253 959 3344 erbis,
1069 3267 1081 3292 ¹

211 3363 335 3429 Tellerii
355 3362 465 3426 laudes
487 3379 536 3424 me
558 3366 726 3442 praeeunte
749 3358 838 3436 cani,

133 3452 272 3548 Quaeque
294 3484 385 3530 meac
409 3469 541 3528 renuunt
559 3468 669 3525 tenues
689 3458 869 3542 persoluere
892 3455 987 3535 vires,

96 3558 125 3613 ²⁰
210 3569 268 3632 Pro
291 3586 340 3631 me
361 3567 517 3632 Musarum
538 3562 672 3628 reddere
693 3559 773 3623 velle
796 3558 933 3622 chorum.

132 3666 223 3734 Unum
245 3670 307 3734 boc
329 3667 419 3749 adde,
440 3668 529 3747 liber,
554 3684 617 3729 non
636 3671 666 3727 te
686 3680 743 3744 pre
767 3657 1002 3739 muneremini,

209 3771 271 3839 Sed
292 3768 345 3836 lidi
367 3773 477 3854 pignus
500 3766 604 3832 cordis
625 3772 656 3829 et
677 3765 826 3844 obsequii.

131 3869 167 3934 Et
187 3872 306 3939 dabitur
327 3875 444 3953 forsan,
469 3873 496 3936 si
520 3867 657 3933 crederis
677 3868 760 3928 utilis
780 3863 844 3944 ulli,

159 4041 166 4058 ,
208 3975 339 4060 Augusti
360 3976 393 4037 in
414 3970 521 4036 forulis
543 3978 577 4033 ut
596 3969 716 4052 potiare
736 3965 819 4029 loco.

251 4117 406 4212 Scriptum
427 4124 549 4189 Romae·
563 4141 592 4188 a.
617 4118 646 4185 d.
670 4117 757 4184 XXII
778 4115 851 4181 Maii
873 4111 1061 4182 ubcxcur

534 4256 793 4280 Μ...
