2926 4906
175 396 401 464 rrrsroarsa
420 395 678 463 amsmrnsn
694 397 837 463 xxxiii.
857 381 983 464 1-5.
1016 361 1020 378 ’
1074 381 1156 465 tos·

47 560 237 649 ἀνθρώποις
257 561 378 644 τολμῦν
398 555 518 646 ὅρατήν
541 551 623 624 εἶναι
642 559 698 645 τήν
721 559 818 648 φάσιν
838 563 895 628 τοῦ
916 564 980 626 τῶν
1003 561 1152 630 άπάντων

44 664 249 749 δημιουργοῦ
278 661 367 728 θεοῦ.
408 659 454 746 μή
481 654 539 726 οῦν
569 658 619 728 δτι
649 663 779 750 θρήνων
808 661 873 728 καί
893 662 1040 751 δακρύων
1062 661 1171 744 ἄξιον-

42 765 250 849 παμπόλλων
268 765 401 851 πάτριον
424 761 527 850 δάγμα
549 768 606 850 τῆς
614 766 783 851 ἐκκλησίας
799 766 967 841 ,κινοῦντας
979 771 1046 842 τοῖς
1067 766 1152 831 άπε-

42 871 207 942 στολικοῖς
238 867 358 951 ἐκείνης
380 864 581 948 άναθέμασιν
609 859 742 941 ἓαιιτοδς
762 857 865 930 {arod
880 865 1044 952 παρέχειν,
1069 865 1152 932 ἀλλὰ

21 966 97 1036 tuos*
116 967 243 1050 μανίας
265 965 350 1050 δμοῦ
371 966 426 1031 καί
449 965 648 1054 ἠλιθιότητος
669 966 761 1052 γέμει
788 967 921 1030 τοιαῦτα
951 965 1152 1051 λογίζεσθαι.

42 1067 95 1133 ἐπὶ
128 1067 194 1154 γάρ
228 1071 337 1133 πᾶσαν
363 1067 574 1156 διδασκαλίαν
600 1069 657 1133 καί
687 1069 797 1132 πᾶσαν
817 1065 963 1152 μάθησιν
993 1069 1028 1132 ἐκ
1049 1071 1152 1153 προῦ-

44 1171 240 1256 παρχοάσης
260 1164 410 1254 γίνεσθαι
434 1169 596 1256 φάσάοοσι
609 1166 767 1254 γνώσεως.
812 1169 865 1231 δεῖ
881 1163 944 1252 γάρ
968 1167 1188 1253 μαρτυρίας4

43 1273 73 1335 ἐν
94 1279 168 1348 τοῖς
187 1271 341 1348 τοιούτοις
364 1272 487 1346 ἐκείνας
508 1271 701 1357 προβάλλειν
721 1271 767 1346 εἷς
787 1270 949 1355 προῦπτον
970 1267 1026 1334 καί
1045 1267 1151 1355 σαφἐ-

49 1373 161 1458 οτὲραν
194 1371 333 1456 δήλωσιν
361 1376 426 1437 τῶν
450 1371 681 1458 ἀτελεστέρων,
714 1369 753 1434 αδ
778 1372 821 1457 τῇ
850 1372 914 1433 τῶν
937 1367 1152 1455 άνθρωπίνων

16 1475 42 1530 1⁰
51 1473 272 1558 οισθκσεων
257 1498 291 1538 εκ
312 1475 440 1559 πραότης
459 1471 613 1559 γενέσεως
634 1472 791 1560 συνηθείᾳ
818 1470 948 1537 κανόσιν
979 1469 1153 1544 ἀθανάτοις

47 1575 208 1660 μαθήσεις
229 1571 428 1658 ήλικιιάτιδες
447 1575 602 1674 γίνονται,
629 1572 801 1638 κάντεῦθεν
823 1569 1046 1696 άμοιβαίοις”
1019 1593 1185 1654 ιχνεσινι

49 1676 268 1763 ἀναγομένους
295 1677 469 1761 βαθμίδων
494 1667 585 1761 δίκην
614 1682 685 1752 ταῖς
712 1671 795 1741 κατὰ
808 1673 932 1843 μικράν
951 1672 1154 1760 ῦπαλλαγαῖς

45 1782 102 1842 τῶν
127 1775 305 1902 άναλάγων
321 1775 527 1863 προσθεσειάν
557 1799 591 1842 τε
625 1778 681 1844 καί
702 1775 805 1866 ῦφαιρ
808 1777 908 1844 dormo
940 1778 1152 1862 σομβιβάζειν

43 1880 94 1943 καί
126 1879 179 1966 τοῦ
205 1881 262 1962 τῆς
290 1879 465 2000 ἐπιστήμης
493 1879 572 1967 ήλίοι
604 1880 833 2006 καθρροίτερον
869 1875 931 1966 ήδη
967 1879 1150 1966 προσάγειν,

12 1976 147 2064 λδχρειάν
185 1981 336 2063 διδακτής
369 1975 464 2100 οῦσης
493 1984 549 2064 τῆς
570 1979 745 2065 ἐπιστήμης
771 1978 1048 2066 προῦπάρχοοσαν
1069 1973 1152 2044 εἶναι

45 2083 238 2166 λογιζεσθαι
257 2083 375 2208 γγιῦσιν
396 2079 452 2204 τήν
484 2084 548 2145 τιῦν
569 2081 754 2166 αισθήσεων
775 2077 1004 2146 αὐτοδίδακτον
1024 2078 1158 2204 πρώτην

46 2179 283 2265 κατάληψινᾙ
263 2186 321 2267 αφ’
343 2174 382 2266 ἧς
407 2205 450 2258 ως
472 2207 508 2245 εκ
526 2181 653 2267 πριάτης
676 2180 779 2266 ἀρχῆς
808 2180 864 2244 και
893 2182 995 2265 πηγῆς
1026 2177 1056 2242 οἱ
1085 2178 1150 2242 πά-

48 2307 100 2365 σης
121 2279 302 2365 ἐπιστήμης
319 2277 579 2365 άποβλάζοιισιι
560 2280 673 2368 ράακες
691 2284 755 2345 cois
774 2303 809 2348 τε
827 2285 893 2355 τοῖς
906 2282 1073 2365 αισθητοῖς
1093 2279 1150 2346 και

57 2384 230 2466 διανοητοῖς
257 2382 313 2446 καί
345 2389 468 2467 νοητοῖς
495 2381 741 2469 ἐνηπαρχάντων
769 2379 855 2468 ὅρων
875 2379 932 2446 καί
957 2379 1070 2466 λόγων.
1108 2376 1181 2452 ,τδε

16 2485 46 2540 2⁰
55 2479 111 2566 γάρ
127 2483 262 2564 βλέπειν
284 2481 370 2567 ήμῦς
392 2483 448 2549 καί
469 2484 602 2562 άκοάειν,
622 2483 680 2549 καί
698 2475 755 2548 νῦν
775 2484 835 2567 μὲν
857 2482 999 2568 γλυκέων
1017 2479 1075 2546 καί
1092 2503 1147 2544 πι-

48 2587 128 2668 κράν
158 2585 379 2650 αἰσθάνεσθαι
407 2582 461 2649 διά
487 2587 543 2668 τῆς
563 2584 704 2671 γεάσεως
736 2586 792 2648 νῦν
814 2584 850 2649 δὲ
870 2583 1018 2669 τραχέων
1037 2604 1072 2647 τε
1092 2580 1149 2645 καί

45 2683 137 2748 λείων
161 2681 219 2748 διά
243 2688 300 2768 τής
321 2681 424 2771 άφήςς
448 2685 505 2748 καδ
531 2677 581 2750 άτι
606 2683 729 2771 θερμὸν
753 2686 811 2748 καί
835 2680 1006 2749 καυστικδν
1023 2679 1060 2748 τά
1082 2682 1147 2767 πῦρ

42 2783 96 2849 καί
115 2782 252 2872 ψυχράν
273 2782 295 2870 ή
312 2781 414 2866 χιάιν,
447 2785 555 2852 κοιναί
571 2786 652 2850 εἰσιν
677 2784 797 2852 ἔννοιαι
817 2785 920 2850 πάντα
941 2783 998 2850 καί
1019 2781 1148 2848 αὐτοδί-

45 3121 158 3175 eamqne
188 3105 353 3159 invisibilem
379 3122 517 3161 essenon
542 3105 635 3167 solnm
653 3104 805 3159 horninibus
829 3105 877 3159 sed
901 3106 981 3158 etiam
1006 3105 1072 3174 ipsis
1096 3119 1147 3158 an-

46 3177 124 3246 gelis.
152 3178 213 3244 quis
232 3178 315 3245 igitur
328 3185 379 3230 tam
391 3179 549 3232 temerarius
569 3187 610 3231 est
627 3187 754 3263 tantaqpo
772 3178 1000 3245 amentiacaptns,
1018 3183 1048 3228 nt
1067 3191 1148 3244 qnnrn

43 3257 186 3302 creaturae
206 3248 360 3302 invisibiles
380 3250 443 3315 sint,
462 3251 522 3302 dico
540 3247 664 3318 angelos,
683 3250 803 3314 animas,
823 3249 976 3314 daemones,
995 3245 1147 3301 bominibus

40 3321 134 3372 dicere
156 3319 254 3372 audeat
273 3320 410 3372 visibilem
430 3337 491 3373 esse
518 3329 638 3374 naturam
656 3321 700 3374 dei
721 3321 766 3390 qni
786 3327 881 3374 cuncta
898 3320 1062 3387 procreavit.
1094 3334 1146 3372 ne.
1188 3351 1192 3356 ·

40 3408 94 3460 qne
116 3389 237 3442 solum
229 3406 258 3441 ιιι
278 3392 461 3444 misericordia
485 3400 577 3445 nostra
601 3400 627 3444 et
650 3393 740 3445 multis
757 3391 876 3446 lacrimis
900 3398 962 3444 aunt
989 3391 1035 3460 qul
1059 3390 1145 3458 patrio

40 3463 170 3528 dogmate
190 3460 323 3514 ecclesiae
334 3462 410 3516 laeso
423 3463 600 3530 apostolicum
620 3464 758 3516 anathema
769 3463 937 3530 sibimetipsi
956 3462 1146 3524 contraxerint,

41 3534 90 3585 sed
111 3538 188 3599 patet
212 3533 291 3584 etiam
311 3533 393 3586 multa
420 3549 466 3586 eos
492 3536 520 3586 in
539 3537 690 3587 temeritate
713 3543 739 3587 et
763 3535 878 3587 amentia
898 3535 1021 3598 versari,
1046 3533 1146 3602 quippo

42 3606 88 3672 qui
110 3617 217 3654 ornnem
238 3603 327 3656 dicant
345 3605 491 3658 doctrinam
512 3614 539 3658 et
557 3621 660 3658 omnem
680 3604 931 3674 cognitionemlieri
947 3619 980 3656 ex
998 3611 1145 3656 nostrara-

42 3677 128 3726 tione.
169 3689 229 3725 nam
250 3675 278 3726 in
297 3675 448 3736 huiusmodi
469 3675 586 3728 rebus
579 3677 611 3727 ris
636 3676 761 3730 utendum
787 3682 829 3728 est
846 3676 1006 3728 testimoniis
1024 3675 1058 3727 ad
1077 3688 1145 3726 oon..

45 3748 164 3812 spicuam
191 3752 218 3795 ct
235 3745 384 3810 planiorem
403 3747 565 3798 inlinitorum
584 3746 799 3810 revelationem,
817 3760 894 3818 quae
914 3762 947 3798 ex
971 3745 1144 3800 bumanorum

44 3831 170 3868 sensuum
199 3814 262 3867 inde
287 3831 302 3867 a
329 3818 420 3883 primis
444 3834 460 3869 a
481 3816 597 3882 pueritia
616 3817 731 3869 motibus
753 3797 946 3870 consuetudine
975 3817 1144 3885 cognitiones

42 3887 161 3940 evadant
185 3885 379 3940 immortalibus
403 3886 507 3958 regulis
534 3887 672 3956 aequales.
721 3887 817 3940 deindo
846 3887 1070 3957 progrediendum
1103 3896 1146 3942 est

40 3959 149 4011 alterno
170 3959 289 4026 vestigio
307 3959 435 4026 gradatim
456 3967 483 4011 et
501 3959 529 4010 in
547 3958 669 4028 analogis
688 3959 814 4011 addendis
828 3966 855 4010 et
874 3959 1010 4012 demendis
1030 3959 1143 4013 conolo-

39 4030 156 4082 dcndum
179 4044 214 4080 ex
233 4029 338 4096 exiguis
362 4045 432 4098 quae
449 4030 616 4083 intercedant
637 4029 813 4094 differentiis,
844 4037 871 4082 et
889 4037 919 4082 ut
944 4030 1075 4085 scientiae
1101 4029 1142 4084 sol

42 4101 142 4152 clarior
161 4099 217 4164 fiat,
238 4102 362 4166 quoniam
378 4102 491 4153 scientia
501 4101 592 4153 doceri
605 4107 710 4168 potest,
730 4102 912 4154 demonstrare
932 4116 999 4169 opas
1018 4111 1059 4155 est
1076 4103 1142 4156 snb.

45 4185 103 4222 esse
132 4173 290 4235 rationem,
315 4187 440 4224 sensnum
463 4173 601 4256 propriam
629 4187 661 4223 ao
685 4173 847 4240 primitivam
872 4175 1083 4240 perceptionem.
1127 4190 1142 4226 o

47 4256 96 4308 qna
113 4249 243 4328 tanpnam
261 4256 277 4292 c
294 4243 379 4310 prima
401 4244 507 4328 origine
533 4258 564 4296 ac
583 4243 657 4296 fonte
676 4244 806 4296 scientiae
825 4246 909 4298 omnis
937 4245 1081 4312 prosiliunt
1100 4245 1142 4296 ri.

44 4312 98 4368 toli
117 4315 172 4368 et
164 4313 201 4368 ris
221 4327 293 4386 qnae
310 4314 513 4384 percipiuntur,
534 4315 705 4388 cogitantur,
721 4323 941 4388 cognoscantur,
954 4316 1066 4371 subsunt
1082 4315 1143 4387 prl-
