2992 4916
298 373 386 447 '530
574 433 580 458 ,
630 373 855 444 Nlcnrfloat
885 371 1114 443 onmoatn

309 541 495 627 ταοτότητοι.
539 535 580 619 oie
601 530 684 604 εἶναι
706 537 775 616 δέος
799 540 943 604 ἐντεῦθεν
963 539 1008 623 μὴ
1042 536 1079 602 od
1100 537 1226 602 πάντων
1248 535 1290 612 Ιεἰς
1302 541 1387 620 μιζιιη-

312 667 363 709 σιν
386 645 442 709 vno
461 644 620 725 βελτίονος
641 641 845 726 παραθήσειν
868 633 1000 716 deurode
1018 638 1214 722 δυναμένων
1237 640 1277 701 δι’
1298 636 1387 722 ἐμφο-

312 767 366 808 τον
390 742 469 807 ἔνιοι
488 765 702 826 κακοτροπιαν
723 740 777 805 ἐπὶ
796 739 977 805 τοόναντίον
996 743 1038 824 τῇ
1060 738 1194 822 μιμήσει
1213 738 1388 822 χρήσωνται,

312 843 368 908 καί
389 839 446 926 τὴν
467 843 501 906 ἐν
522 840 645 929 ἱστορία
672 839 823 925 διαβολὴν
844 843 906 907 τῶν
936 843 1041 903 κακῶν
1072 839 1127 904 ἐπί
1147 838 1286 928 σφετέρη
1305 834 1390 918 μιμό-
1473 835 1474 930 ¹

311 967 430 1008 σωνται
449 941 566 1028 βλάβη,
587 938 725 1026 τὴντῶν
748 940 943 1027 φθασάντων
966 937 1195 1019 ἀναισχυντίαν
1216 938 1272 1003 καί
1290 937 1410 1018 τόλμαν5

274 1057 300 1108 Ι
312 1034 378 1108 οἶόν
396 1067 428 1107 τι
446 1043 653 1127 παράδειημα
674 1039 938 1127 προβαλλόμενοι.
982 1038 1059 1105 ὅθεν
1078 1034 1243 1114 ἑνόςτινος
1263 1037 1307 1103 ἔτι
1324 1060 1391 1119 μνη·

249 1164 254 1170 ’
312 1144 403 1220 σθτίς
426 1143 661 1225 άπαλλάξομαι,
685 1140 740 1206 διὰ
761 1140 913 1227 βραχέων
944 1141 1052 1223 μέντοι
1074 1140 1130 1204 καί
1149 1141 1269 1216 τοῦτον,
1289 1139 1340 1201 καί
1359 1140 1391 1200 δι’

311 1241 396 1310 όσων
419 1243 631 1329 όποχρόσειεν
655 1239 693 1312 δν
720 1245 767 1329 ep
784 1244 839 1326 τῆς
863 1241 1006 1328 ἱστορίαις
1037 1241 1119 1326 λόγῳ
1142 1243 1248 1316 δεῖξαι
1268 1240 1332 1314 πῶς
1349 1239 1394 1320 τῆς

309 1345 508 1428 Παλαμικῆς
525 1342 680 1429 αἱρέσεως
701 1344 755 1410 εἰιό
776 1342 943 1429 λόμῃ,τοι”ν
963 1344 1059 1428 λερῶν
1077 1344 1134 1426 τῆς
1150 1342 1315 1426 ἐκκλησίας
1333 1342 1392 1424 δογ-
1471 1359 1474 1370 ·

308 1446 419 1529 μάτων
440 1446 629 1531 παραδόσης
661 1443 782 1508 ἅπανθ’
814 1441 896 1527 όμοῦ
925 1443 1124 1528 συγκέχυται
1137 1443 1331 1529 πράγματα,
1350 1440 1426 1506 aedil

198 1567 203 1574 '
312 1545 508 1633 διέφθαρται
528 1543 562 1610 τό
585 1547 641 1629 τῆς
663 1545 830 1630 ἐκκλησίας
852 1545 988 1629 ἀρχαῖον
1009 1539 1088 1629 ἦθος
1109 1546 1229 1620 ἐκεῖνο,
1253 1543 1308 1607 καί
1330 1541 1394 1605 οἶνοι-

182 1661 204 1717 l.
213 1661 266 1717 263
276 1677 300 1714 a.
309 1645 483 1731 τέτραπται
505 1647 560 1710 καί
584 1645 747 1710 ἀπόλωλεν
768 1643 802 1708 εἴ
816 1671 847 1708 τι
868 1644 983 1727 σεμνόν
1004 1667 1037 1707 τε
1069 1645 1124 1708 καί
1144 1645 1248 1726 τίμιον
1265 1645 1318 1726 τῆς
1333 1640 1395 1725 όλης
1474 1713 1475 1730 η

245 1763 249 1768 ’
311 1741 351 1830 ’ἢν
373 1746 549 1822 πολιτείας,
575 1747 805 1829 συσταλείσης,
836 1737 935 1826 οἶμαι,
958 1746 1013 1828 τῆς
1027 1745 1084 1808 τοῦ
1110 1745 1188 1806 θεοῦ
1212 1745 1315 1820 δεξιάς
1333 1739 1395 1807 ὅσον
1474 1773 1475 1824 η

313 1846 491 1910 αἰσθέσθαι
511 1845 583 1921 τοὺς
602 1849 658 1928 τῆς
690 1847 803 1921 κακίας
820 1844 937 1928 ταύτης
965 1843 1145 1928 προστάτας
1166 1844 1221 1908 καί
1243 1839 1394 1928 άρχηγοός,
1474 1825 1475 1908 l

311 1947 367 2011 καί
388 1946 468 2031 πρός
487 1944 685 2032 ἐπιστροφὴν
704 1948 811 2010 ἐλθεῖν
833 1946 909 2029 πρίν
925 1945 970 2020 εἷς
990 1942 1215 2030 καταστροφὴν
1235 1946 1395 2015 κατελθεῖν,
1403 1956 1426 2007 15

311 2046 487 2122 ἐνδιδόντος
506 2047 585 2109 θεοῦ
605 2049 662 2109 τοῦ
683 2044 738 2110 διά
753 2047 863 2127 Δαβίδ
877 2045 1105 2129 παραινοῦντος
1125 2042 1169 2127 μὴ
1185 2044 1309 2108 διδόναι
1329 2037 1395 2126 πρός
1474 2031 1475 2072 ¹

310 2145 409 2209 σάλον
430 2143 484 2209 τόν
507 2144 600 2222 πόδα,
625 2143 676 2207 ἵνα
697 2143 743 2228 μὴ
767 2145 906 2230 νυστόξη
928 2143 1011 2227 μηδὲ
1041 2139 1170 2228 όιινοόση
1193 2140 1212 2206 d
1234 2142 1395 2229 φυλάσσων

272 2243 363 2316 ςτόν
381 2245 519 2332 Ἰσραήλ.
562 2241 605 2323 οἷς
627 2238 708 2308 εἶναι
744 2245 910 2309 κόνταῦθα
940 2243 1011 2320 δέος
1042 2241 1087 2327 μὴ
1121 2247 1229 2330 πολλῷ
1258 2241 1395 2306 κάκείνων
1474 2279 1475 2282 =

307 2347 452 2410 κακίοσιν
472 2339 543 2410 odor
564 2347 619 2411 καί
629 2353 694 2421 τοῖς
704 2348 760 2436 τῆς
773 2347 941 2429 ἐκκλησίας
954 2343 1070 2428 ταύτης
1084 2344 1254 2429 προέδροις
1274 2341 1295 2427 ἦ
1311 2343 1396 2406 πάλαι

308 2443 390 2512 κατοὶ
410 2448 472 2510 ταῖν
492 2445 658 2511 Ἰουδαίων
677 2443 876 2532 drepanum}
897 2444 954 2511 σόν
967 2444 1066 2532 θυμῷ
1087 2444 1266 2529 κατερράγη
1289 2445 1427 2527 ψῆφος,λλ

236 2549 241 2569 ’
308 2543 445 2630 λέγουσα
463 2543 539 2636 “edo
560 2535 764 2633 προσφέρητέ
793 2571 851 2629 μοι
871 2549 1038 2629 σεμίδαλιν
1068 2546 1223 2628 μάταιον,
1256 2543 1395 2626 θυμίαμα

310 2643 477 2731 βδέλυμμά
505 2671 562 2730 μοι
595 2649 680 2712 ἐστί·
738 2647 794 2711 καί
827 2644 883 2710 ἐὰν
916 2646 1070 2731 έκτείνητε
1090 2646 1145 2722 τὰς
1170 2653 1287 2731 χεῖρας
1305 2640 1394 2725 ὁμοῖν,

310 2743 506 2833 ἀποστρέψω
526 2746 599 2824 τοὺς
619 2747 810 2834 όφθαλμοός
829 2771 894 2830 μου
918 2745 974 2833 ἀφ’
997 2743 1105 2829 ipor-
1128 2747 1184 2810 καί
1203 2742 1261 2808 ἐὰν
1282 2738 1393 2828 πληθό-

311 3099 373 3138 nnre
392 3099 581 3138 converrarum
602 3093 629 3137 et
647 3085 817 3138 confusarum
836 3086 864 3138 in
882 3100 936 3138 non
954 3093 1040 3152 aptam
1062 3084 1199 3136 unitatem.
1218 3095 1310 3150 qnare,
1329 3093 1396 3148 qnnn

310 3171 365 3207 non
387 3171 478 3208 omnea
497 3157 529 3208 ad
547 3157 659 3209 meliora
677 3158 803 3210 imitanda
822 3165 982 3210 convertere
1001 3172 1061 3208 reae
1082 3156 1184 3222 possint
1202 3160 1311 3220 propter
1327 3153 1396 3202 inua-

313 3235 363 3278 tam
383 3243 486 3279 morum
506 3230 679 3295 pravitatem,
705 3226 849 3282 timendum
875 3244 910 3280 ne
930 3229 957 3280 in
977 3229 1137 3280 contrarium
1157 3226 1261 3294 quidam
1279 3223 1397 3274 imitatio-

309 3313 369 3349 nem
391 3307 496 3350 vertant
517 3308 543 3350 et
561 3301 588 3351 in
608 3301 720 3358 historia
737 3301 973 3368 reprehensionem
994 3297 1121 3350 lnalorum
1140 3297 1167 3347 in
1186 3297 1304 3362 ipsorum
1321 3293 1397 3344 labem

310 3371 452 3438 accipiant,
473 3377 500 3420 et
518 3371 630 3422 eliorum
651 3371 720 3424 forte
743 3372 930 3438 impudentiam
958 3377 985 3421 et
1012 3369 1187 3421 temeritatem
1215 3373 1335 3433 tanquam
1355 3377 1397 3414 er.

312 3440 426 3506 emplum
448 3439 499 3491 eibi
518 3442 661 3506 proferant.
705 3445 780 3494 cuiue
805 3443 844 3494 rei
869 3441 1018 3508 exemplum
1049 3455 1119 3492 nuno
1138 3439 1209 3507 quod
1234 3438 1262 3487 in
1281 3436 1397 3486 memoria

312 3516 362 3574 eet,
382 3523 537 3576 proponam.
582 3514 674 3578 paucis
700 3514 783 3580 igitur
808 3512 899 3565 verbio
930 3520 956 3563 et
981 3527 1049 3578 quae
1073 3510 1136 3561 ratic
1156 3511 1209 3564 sint
1228 3509 1260 3560 ad
1280 3506 1397 3558 hiatoriae

310 3584 499 3644 narrationem,
522 3583 717 3648 demonstrabo,
738 3584 870 3652 quomodo
889 3591 950 3650 poet
968 3581 1124 3634 Palamicem
1146 3579 1273 3631 haeresin
1292 3578 1324 3630 ad
1342 3591 1399 3644 per-

308 3652 407 3704 niciem
426 3659 577 3706 sanctorum
596 3655 731 3708 eccleciae
752 3655 902 3723 dogmatum
921 3661 1107 3720 procreatam,
1126 3659 1221 3702 cuncta
1241 3649 1320 3702 simul
1338 3663 1399 3699 con-

309 3724 412 3808 tupbata
444 3724 498 3776 rint
530 3725 649 3778 lectitata
677 3734 704 3777 et
735 3733 874 3792 corruptae
901 3726 978 3778 veina
1014 3739 1070 3776 moe
1104 3721 1258 3784 eeclesiae,
1289 3727 1316 3771 et
1340 3734 1399 3786 per.

309 3807 388 3844 reraa
407 3794 483 3847 etad
504 3795 639 3852 interitum
658 3797 751 3850 adacta
776 3812 845 3864 qnae
864 3795 1015 3848 veneranda
1041 3803 1067 3846 et
1084 3792 1232 3846 honorifica
1255 3793 1337 3844 totino
1364 3789 1400 3842 ci·

310 3865 420 3929 vitatio,
448 3867 603 3919 admittente
629 3868 675 3931 id,
702 3875 732 3920 nt
753 3883 805 3936 ego
833 3867 938 3934 quidem
954 3865 1175 3929 ‘credo,.dextra
1194 3863 1255 3926 dei,
1282 3869 1400 3930 quantu

309 3934 495 4001 intelligerent
522 3939 708 4003 pervertitatia
733 3938 811 3990 haina
841 3946 964 3990 ructorer
993 3945 1020 3989 et
1051 3937 1189 4002 principor
1207 3943 1244 3998 ,et
1274 3934 1347 3999 prina
1376 3937 1401 3980 nt

308 4005 341 4056 ad
368 4008 573 4060 convertionem
600 4010 725 4062 venirent
752 4001 830 4076 duam
859 4009 892 4062 ad
916 4009 1004 4061 linem.
1049 4008 1088 4059 eie
1116 4007 1184 4058 enirn
1212 4020 1261 4072 per
1278 4002 1400 4055 Davidem

308 4076 374 4127 dena
394 4077 529 4143 hortator,
558 4095 593 4134 ne
612 4082 672 4149 quio
700 4081 732 4132 ad
751 4080 894 4148 malignum
915 4081 1009 4148 pedem
1032 4085 1128 4141 vertat,
1148 4084 1177 4128 ut
1196 4092 1230 4127 ne
1249 4075 1399 4127 dormitorio

310 4149 398 4214 capite
416 4162 534 4202 comum
554 4160 663 4218 caperet
684 4159 777 4204 enatoa
790 4151 910 4204 laraalla.
957 4151 994 4202 ita
1012 4159 1041 4202 nt
1062 4148 1114 4200 hoc
1135 4162 1241 4214 qnoque
1262 4146 1399 4208 timendo·

307 4219 358 4283 ait,
385 4233 419 4272 oe
444 4219 486 4274 hia
514 4222 559 4288 qai
579 4222 634 4279 illie
652 4222 736 4276 merito
765 4222 925 4289 practerea,
953 4220 1100 4290 praefectio
1121 4217 1255 4270 eccleciae
1281 4231 1336 4269 vox
1358 4213 1399 4266 illu

307 4304 376 4360 tute
396 4289 461 4348 olm
480 4291 595 4352 uorem
610 4293 818 4360 condemnarit,
841 4307 901 4346 euro
920 4292 961 4346 ira
979 4299 1059 4349 reret
1082 4289 1217 4344 clommr
1234 4290 1276 4342 “ai
1297 4287 1399 4344 timii·-
