2926 4906
279 313 356 398 teo
445 320 448 328 ’
580 296 809 398 nrcnrnonr
839 327 1068 398 corconna

280 519 335 560 και
329 485 425 558 οἷον
453 495 499 570 είς
515 491 616 620 φύσιν
640 491 739 579 τούτῳ
767 491 986 576 μεταβληθενς
1016 487 1129 555 διελών
1157 485 1218 574 γὰρ
1240 489 1313 574 διχῆ
1340 488 1372 552 τό

281 596 413 676 συνεχὲς
432 595 489 679 τῆς
510 592 648 671 ἑννοίας,
671 593 726 657 καί
749 591 884 712 66repoe
915 589 1111 677 ὑφελόμενος
1128 591 1248 673 τμῆμα,
1267 584 1374 672 ῆμί-ερ

279 694 336 780 νόν
354 719 424 759 τινα
447 719 501 760 και
529 694 626 780 ἀτελῆ
655 693 711 779 τὴν
738 696 794 758 τού
822 692 915 779 λόγου
939 691 1164 756 καταλέλοιπεν
1186 684 1376 774 εκατὲροιθεν

280 790 460 882 εκατέροιθι
481 797 586 882 φύσιν,
610 795 665 860 ούκ
684 789 783 860 οἶδ’
765 797 928 914 οπότερον,
951 791 1006 856 εἰτ’
1029 791 1233 873 ἐξάμαθίας
1255 787 1376 873 ῆλικιιό

278 893 420 974 τιδος,
395 894 456 962 είτε
476 893 640 981 βλάβηνζ
619 893 834 972 υπωπτευκιός
861 887 976 980 εαυτῷ.
1030 890 1117 976 ὅμως
1147 889 1229 956 αύτά
1264 890 1398 976 δήπου-5

279 995 385 1062 θεν
369 1025 389 1062 α
383 993 565 1083 διῄρηται
591 995 694 1084 αύτῷ,
722 993 931 1082 παραχθέντα
953 995 1087 1079 μηνύσει
1120 990 1154 1057 τό
1177 994 1306 1078 δρᾶμα,
1329 992 1379 1073 τῆς
1459 1039 1460 1074 3

281 1097 469 1224 διαιρέσεως
489 1098 695 1181 ἔξωσθειᾝσης
735 1096 804 1177 ἔχει
823 1092 885 1180 γὰρ
909 1092 1052 1160 ούτοισίν.
1101 1091 1140 1158 “6
1161 1099 1226 1168 τοῖς
1247 1085 1320 1156 ούσι
1338 1087 1379 1174 μῆ

279 1196 400 1264 καθ’
364 1199 475 1264 ουσίαν
496 1194 652 1283 ύπύρχοον
677 1196 848 1279 μεθεκτός,
878 1200 944 1260 κατ’
978 1191 1075 1259 ἀλλον
1097 1193 1271 1318 δὲτρόπον
1293 1190 1407 1274 μετέ·Ι
1459 1207 1460 1270 ξ

213 1303 269 1358 ΙΙ
277 1305 400 1383 χεσθαι
423 1306 487 1377 τοῖς
511 1297 698 1381 δυναμένοις
718 1296 919 1380 βουλόμενος,
941 1298 997 1360 τού
1020 1296 1089 1358 κατ’
1113 1292 1224 1360 ούσίαν
1242 1290 1379 1380 κρυφίου

281 1403 443 1478 παντελῶς
463 1398 518 1464 ούιι
542 1396 730 1478 ἔξι’σταται.”
761 1397 901 1462 indeed
922 1395 950 1462 οἱ
963 1395 998 1462 τό
1021 1398 1089 1462 κατ’
1116 1394 1228 1460 ούσιάν
1247 1394 1378 1478 κρύφιον
1386 1402 1409 1455 it

281 1501 453 1569 ἀκούσαντι
487 1500 638 1586 ἀποχρῶν
658 1499 813 1583 ἐνομίσθη
845 1495 890 1584 μῆ
913 1498 1008 1563 πλέον
1034 1500 1155 1582 ζητεῖν·
1208 1497 1378 1559 λυσιτελεῖν

274 1602 343 1690 ’γὰρ
364 1605 485 1686 μᾶλλον
498 1599 588 1678 ἔδοξε
600 1599 697 1677 τουτί,
719 1600 866 1682 μονωθὲν
887 1601 949 1664 τῶν
971 1591 1053 1681 ἑξῆς,
1076 1596 1156 1683 πρός
1174 1617 1210 1680 με
1230 1592 1265 1658 τὸ
1293 1591 1377 1658 ἀνού-

284 1727 354 1768 σιον
377 1703 588 1787 ἐλλελεῖφθαι
598 1697 634 1764 τό
655 1702 826 1783 τηνικαύτα
837 1697 1003 1784 γενόμενον
1025 1698 1126 1761 ἐκεῖνο
1141 1697 1210 1782 φῶς
1233 1696 1377 1779 ἐξαίφνης
1459 1709 1460 1746 l

284 1805 317 1869 ἓν
337 1799 407 1888 eipso
427 1804 473 1888 τῷ
500 1799 661 1886 Θαβωρίῳ
684 1797 765 1885 πρός
785 1802 841 1864 τού
863 1801 1005 1885 σωτῆρος
1029 1797 1177 1885 Χριστοῦ.
1194 1795 1252 1860 καί
1274 1789 1376 1858 &nardi

283 1906 339 1968 τού
359 1905 428 1968 κατ’
451 1901 562 1968 ούσιάν
583 1901 725 1987 κρυφίου
748 1895 836 1977 ὄντος
865 1901 921 1966 καὶ
939 1899 1088 1985 μηδόλοος
1106 1895 1326 1978 ἔξιοταμένου,
1344 1890 1402 1964 6615
1459 1941 1460 2008 η

300 2002 311 2026 ‘
285 2001 603 2099 ωςέξδρμητηρίου
626 2003 723 2084 δῆθεν
750 2002 806 2083 τῆς
834 2003 891 2066 τοῦ
913 1999 1006 2086 ἀγίου
1031 1999 1145 2082 ταύτης
1175 1999 1310 2084 γραφῆς
1333 1992 1369 2058 δύο

284 2091 418 2190 κηρύιτη
440 2099 636 2186 θεότητας’
614 2100 781 2178 ακτίστους
803 2101 859 2166 και
888 2100 1068 2187 διαφόρους
1082 2097 1246 2224 ἀλλῆλιον.
1459 2163 1460 2168 ,

105 2240 109 2251 ,
219 2212 275 2268 ΙΙ
376 2200 529 2288 Ἔματε,
562 2193 590 2266 τό
616 2191 720 2279 ουτοι,
743 2199 931 2278 κάντεῦθεν,
964 2202 1032 2276 πῶς
1058 2201 1114 2283 τῆς
1142 2195 1259 2280 ὁμοίας
1281 2194 1374 2277 ε’χετοι
1459 2245 1460 2290 l

286 2303 479 2389 κακοηθείας
509 2300 715 2384 δΠαλαμᾶς
744 2303 903 2387 πανταχῆ.
957 2303 1045 2365 δυοῖν
1074 2297 1137 2390 γὰρ
1167 2290 1376 2362 κάνταῦθά
1354 2317 1377 2356 οι

285 2405 406 2491 γίνεται
425 2404 576 2525 θάτερον·
632 2398 653 2526 6
674 2401 745 2488 γὰρ
771 2403 813 2468 δι
845 2401 990 2485 ἀμαθίαν
1015 2399 1153 2486 ούδαμῆ
1176 2399 1306 2519 συνίησι
1325 2393 1460 2460 rosto

286 2498 515 2590 λεγομένων,’
494 2530 514 2587 η
536 2482 656 2578 συνιεις
677 2502 733 2567 διό·
754 2502 881 2589 τρόπων
902 2499 991 2586 ὅμως
1014 2500 1212 2626 φαυλότητος
1236 2497 1291 2583 τῆν
1303 2499 1377 2562 Mo-

174 2633 179 2640 ·
280 2606 380 2691 Ιλξίμου
402 2607 458 2670 τού
479 2604 571 2670 θείου
601 2605 773 2689 καπηλεύει
807 2605 967 2669 διύνοιαν·
1011 2601 1030 2668 6
1057 2603 1116 2686 μεν
1137 2599 1200 2690 γὰρ
1225 2599 1307 2686 ἀηιος
1326 2593 1374 2660 τόν

285 2708 342 2792 τῆς
374 2708 529 2772 ἐνταυθοῖ
552 2705 776 2835 διειλημμένης
796 2703 884 2794 αύτρῖ
911 2703 1073 2788 μεθέξεως
1096 2702 1233 2790 τρόπον,
1255 2693 1357 2764 east‘*
1341 2719 1373 2760 ον

287 2949 373 2996 ratum
390 2948 419 3004 et
436 2940 633 3012 longinquitate
650 2941 780 3010 ternporis
804 2942 1004 2997 corroboratam
1022 2941 1155 2998 obiecerit
1174 2947 1202 2994 et
1218 2941 1249 2992 io
1267 2945 1381 2990 nonnam

287 3016 373 3083 ipsam
390 3012 578 3066 immntstoor‘l
613 3013 738 3068 distracta
760 3015 877 3066 enimin
899 3016 964 3070 dono
983 3023 1072 3083 partes
1095 3015 1202 3080 integra
1221 3011 1381 3095 cogitatione

290 3094 317 3138 et
337 3085 400 3138 dein
418 3094 528 3152 recepta
546 3083 632 3138 altera
649 3094 735 3153 parte,
754 3086 916 3140 semifactam
938 3094 964 3138 et
984 3086 1166 3154 imperfectam
1186 3083 1321 3136 orationis
1336 3095 1381 3132 oa-

287 3166 372 3211 turam
390 3155 520 3225 relinquit
550 3156 584 3208 ab
611 3163 723 3226 utraque
741 3165 819 3225 parte
846 3157 970 3226 reliquit,
995 3159 1090 3210 nescio
1108 3164 1195 3208 otram
1221 3169 1256 3206 ex
1272 3149 1381 3204 iuvenili

272 3227 440 3291 'inscientia‚
459 3242 492 3280 an
512 3226 547 3280 ob
565 3229 652 3280 damni
671 3230 860 3295 suspicionem.
898 3238 1012 3282 attamen
1031 3230 1091 3313 ipss
1108 3225 1159 3278 illa
1177 3240 1247 3294 qnae
1266 3223 1382 3276 distraxit

286 3298 369 3351 allata
389 3264 523 3350 do6ebunt
550 3300 729 3352 distractionis
753 3300 921 3353 violentiam.
949 3301 988 3353 sic
1008 3301 1141 3352 enimres
1161 3295 1306 3348 sehabet.
1343 3292 1382 3362 qui

288 3371 417 3422 creatoris
435 3384 489 3422 non
508 3384 557 3436 pro
578 3371 694 3422 essentia
712 3371 918 3438 porticeptibilis
930 3380 980 3436 est,
1000 3373 1048 3424 sed
1060 3371 1113 3422 alia
1130 3369 1176 3422 rin
1196 3369 1236 3420 eis
1255 3367 1304 3435 qni
1323 3379 1391 3434 pos..

286 3448 349 3494 sunt
368 3441 496 3523 cognosci
515 3439 584 3503 vult,
603 3455 657 3492 non
676 3441 709 3493 ab
723 3445 855 3496 essentiae
869 3442 1030 3502 obscuritate
1050 3442 1157 3495 omnino
1177 3440 1319 3493 seiunctus
1340 3443 1380 3490 esi·

210 3537 215 3548 ν
286 3511 325 3564 ibi
344 3511 477 3564 essentiae
498 3477 685 3564 obsc6ritatem
698 3530 777 3582 qnam
792 3515 919 3578 audisset,
938 3515 1065 3568 sulficere
1072 3513 1183 3587 putavit
1200 3525 1254 3562 non
1273 3509 1380 3576 ampliss

287 3597 429 3650 quaerere
447 3584 533 3650 magis
553 3585 622 3636 enim
640 3585 768 3650 prodesse
788 3585 951 3638 existimarit
969 3585 1021 3638 hoc
1048 3573 1256 3666 asequeotiboe
1275 3594 1382 3648 separa-

286 3661 352 3717 tum,
371 3654 403 3705 ad
425 3652 600 3706 inessentiale
627 3654 748 3708 relictam
776 3656 864 3710 locem
889 3655 963 3709 illam
991 3657 1054 3710 olim
1075 3653 1225 3722 evestigio
1245 3652 1274 3702 in
1299 3659 1381 3704 monte

286 3723 390 3778 Thabor
410 3725 482 3776 circa
504 3725 637 3780 Christum
655 3726 816 3780 salvotorem
839 3727 933 3779 iactam
953 3736 981 3780 et
998 3727 1155 3780 seiunctam
1174 3725 1214 3776 ab
1229 3722 1382 3776 essentiali-

285 3804 328 3849 ter
349 3796 463 3852 obscnro
485 3806 511 3848 et
526 3796 606 3863 plane
630 3811 685 3851 non
704 3800 821 3862 dimoto,
848 3801 886 3850 ita
907 3807 936 3850 nt
954 3800 1026 3868 quari
1049 3813 1083 3849 ex
1106 3797 1185 3849 huius
1204 3809 1301 3852 sacrae
1319 3793 1383 3846 ecri-

286 3874 381 3990 {turae
406 3868 609 3936 propugnaculo
638 3870 702 3924 duos
721 3871 878 3937 profiteatur
902 3870 1016 3923 deitates
1032 3870 1165 3924 increatas
1185 3875 1212 3920 ct
1237 3868 1310 3919 inter
1327 3879 1382 3918 sese

305 3953 417 3991 recreas.

385 4012 480 4080 lionne
508 4041 541 4078 ex
569 4042 601 4079 co
625 4027 781 4097 intelligitis
809 4041 886 4097 quem
910 4030 993 4082 simili
1021 4028 1121 4096 ultique
1144 4025 1279 4094 pravitate
1307 4022 1380 4076 Palo-

252 4143 253 4146 ,
286 4113 342 4150 mas
361 4098 396 4149 sit
414 4097 581 4152 obstrictus?
608 4107 654 4151 ant
682 4101 752 4150 enim
782 4109 892 4167 propter
910 4100 1076 4154 inscientiam
1102 4099 1233 4151 dictorum
1251 4093 1348 4146 nilril'
1341 4108 1379 4144 rn-

213 4193 216 4199 ·
286 4169 398 4237 telligit,
418 4178 463 4226 aut
481 4171 504 4222 sl
523 4169 653 4238 intelligit
680 4172 819 4238 pravitatis
838 4179 925 4223 temen
944 4171 1092 4224 rationibus
1120 4169 1175 4224 diri
1193 4167 1302 4221 linximi
1320 4179 1378 4217 seo-

281 4241 374 4302 tenth
391 4241 517 4298 sortitor.
553 4249 661 4297 sanctos
680 4243 751 4296 enim
769 4244 982 4316 participationis
1007 4243 1106 4306 ibidem
1123 4237 1377 4302 mesomedes,
