2880 4910
276 323 349 396 τοο
373 303 382 312 “
410 317 436 382 s
490 318 494 324 '
582 330 806 398 mesanum
843 327 1075 396 cananum

233 531 242 554 l
275 515 333 555 στα
355 488 480 555 πάντων
511 492 653 558 ἐνταῦθα
684 516 756 577 τιερι
778 495 894 580 σοφίας
930 489 1211 578 φιλοσοφήσαντα,
1231 513 1286 553 ναι
1282 485 1370 552 διε-

275 591 368 656 λόντα
395 596 508 679 σαφοός
540 589 693 679 ἑκάτερα,
722 593 780 679 τήν
808 617 841 659 τε
873 595 991 719 ροφίαν
1012 587 1068 676 τὴν
1101 613 1258 677 αντεστον,
1279 577 1352 654 δι’
1337 613 1381 673 ης

275 693 331 756 καί
355 696 387 758 ἐν
416 685 437 780 ᾗ
466 694 504 759 τό
537 697 641 760 ττόντα
673 699 795 781 ydrons,
825 696 881 761 κατ’
908 686 952 760 αό
979 692 1035 776 τὴν
1064 692 1118 760 ότί
1139 694 1237 778 αὐτῆς
1258 717 1309 756 τιατ
1306 691 1367 752 δι’

274 786 374 876 αὐτῆς
388 798 650 881 συνυφανθεῖσαν
662 798 717 860 κατ’
729 801 937 861 συντεθεῖσαν
951 794 1076 881 οὐρανῷ
1088 796 1142 859 καί
1163 798 1204 881 γῇ
1223 797 1279 858 κατ’
1296 795 1367 855 πᾶσι

272 897 423 975 τεχνικοῖς
447 919 479 960 ττ
509 899 563 961 καί
589 901 696 981 σοφτός
718 905 785 972 τοῖς
813 901 973 980 κτίσμασι,
994 893 1092 979 ψιλὴν
1114 898 1170 960 set
1192 893 1389 965 δαιμόνια-5

272 1017 323 1059 τον
346 993 489 1080 φόμενον
508 1000 580 1061 καθ’
601 994 702 1081 αότην
724 999 880 1062 ε’ττίνοιαν.

91 1131 123 1152 ι·
175 1105 263 1161 ΙθΙ
368 1094 438 1160 Ἐπί
447 1089 495 1182 ’δὴ
517 1096 641 1174 τοότοις
661 1101 717 1162 κατ’
737 1107 803 1175 τοῖς
817 1096 978 1174 τοιούτοις
1001 1097 1100 1172 ποδός
1115 1099 1229 1181 ἑφεξῆς
1255 1095 1271 1160 ό
1289 1099 1318 1160 Γ
1317 1119 1368 1177 ρη-

272 1201 368 1280 φορᾶς
390 1195 488 1286 ε’ρρόη
510 1205 714 1282 κατατρέχων
738 1202 906 1280 Παλαμοῖν
928 1223 960 1264 τε
988 1195 1090 1264 αὐτόν
1116 1202 1171 1263 τιατ
1193 1199 1250 1273 τοὶς
1274 1195 1369 1260 αδιοό

264 1302 488 1385 βλασφημίαις,
510 1298 704 1384 ἀλλότριον
689 1299 864 1384 ετιτστημης
886 1299 1010 1414 αττόσης
1030 1296 1206 1374 δειννός
1166 1325 1222 1382 της
1236 1323 1270 1364 τε
1294 1297 1366 1381 ἡμι-

272 1401 365 1478 τέρας
388 1398 443 1463 καί
462 1403 621 1482 θύραθεν.
666 1397 752 1464 dc’u
730 1425 750 1462 α
774 1401 828 1464 καί
850 1424 960 1475 κακτας
981 1391 1112 1483 όργανον
1131 1402 1287 1481 γεγονέναι
1311 1395 1400 1484 <ip-10

239 1499 349 1573 δίως
372 1498 470 1564 ου’τόν
492 1503 640 1583 εβεβατοο
651 1523 683 1564 τε
707 1525 761 1564 τιατ
756 1498 993 1584 συνετιίραινε,
1015 1500 1070 1581 τῆς
1092 1500 1233 1620 α’,ληθοός
1254 1503 1365 1582 σοφιάς

272 1594 407 1678 εἰσάπαξ
432 1600 635 1683 ἀπερρωγότα
654 1605 708 1666 ταί
725 1603 988 1683 ε’τιτετοττισμίνον.
1040 1597 1153 1666 όθεν“
1136 1623 1152 1664 ο
1174 1598 1364 1682 βαρόστονος

132 1702 154 1759 l.
172 1705 225 1760 152
235 1720 263 1758 ν.
273 1697 389 1772 ἐκεῖνος
410 1698 465 1763 κατ’
485 1700 647 1784 α’λιτηριος
673 1705 800 1784 πληγείς
828 1701 887 1785 τήν
919 1705 1052 1786 καρδίαν
1074 1703 1129 1765 καί
1148 1691 1214 1764 οἷον
1235 1697 1365 1780 ἐμβρόν-

272 1823 361 1885 τηιος
381 1798 516 1883 γεγονός
531 1802 608 1884 ἐβόα
625 1825 657 1868 τε
681 1802 821 1886 ἀσελγοῦς
833 1849 844 1881 ,
865 1801 902 1868 τοὶ
928 1804 1052 1887 συνήθη
1075 1799 1203 1887 φόρδην
1218 1798 1271 1864 κατ’
1292 1823 1365 1880 σογ-

271 1905 453 1981 κεχυμένας
475 1906 651 1989 συνείρων,
684 1905 738 1968 κατ’
764 1895 829 1968 οἷον
860 1907 958 1969 εἰπεῖν
976 1901 1125 1986 δμεμηνει
1147 1899 1183 1967 τό
1207 1901 1362 1982 κάθαρμα.
1372 1915 1397 1968 15

187 2023 190 2028 ·
227 2039 229 2044 ,
271 1999 320 2064 διό
345 2005 399 2067 καί
421 1999 437 2066 ό
456 2001 608 2085 βασιλεός
630 2003 730 2071 οἱονεί
743 2005 935 2080 πωςιαίτοῦ
957 1999 1161 2091 φειδόμενος,
1185 2000 1293 2085 πράως
1315 2003 1364 2064 καί

270 2100 348 2183 μετοὶ
367 2104 484 2226 σεμνοῦ
506 2105 718 2187 μειδιάματος
731 2129 884 2190 στραφετς
899 2101 976 2192 πρός
1001 2101 1056 2170 τόν
1073 2107 1103 2170 Γ
1102 2126 1250 2190 ρηγοραν,
1266 2125 1361 2184 ησοχη

270 2227 336 2278 τιως
358 2230 410 2269 και
441 2200 515 2270 όσον
544 2207 590 2290 μη
613 2207 824 2287 ἐξακούεσθαι
854 2205 934 2288 πρός
957 2203 1011 2270 τόν
1032 2208 1217 2285 Παλαμᾶν,
1238 2196 1362 2323 τιαρηνει
1431 2255 1432 2292 ,

270 2328 303 2368 τε
324 2310 380 2370 κατ’
401 2308 611 2387 συνεβούλευε
633 2311 816 2394 τεραοτὲρατς
836 2306 1038 2372 α’ντιδιδόνατ
1032 2304 1120 2383 τοός
1141 2304 1254 2388 λόγους
1274 2299 1362 2418 opinor,

269 2429 313 2488 μη
328 2431 358 2469 τι
381 2431 434 2471 κατ
458 2403 545 2496 παθη
560 2433 623 2475 των
644 2406 816 2493 α’δοκητων.
840 2403 959 2472 6d’‘”
939 2432 1029 2472 εσται
1041 2411 1127 2474 cons
1156 2397 1360 2489 δασκριναμτ-
1344 2413 1394 2469 -20

269 2528 322 2580 νος
343 2504 501 2592 ε’σιιόττησε
523 2512 581 2574 τοῦ
606 2510 730 2573 λοιποῦ.

175 2614 259 2670 ΙΜ
362 2600 402 2673 “O
417 2630 454 2692 ys
469 2661 471 2666 .
486 2610 550 2694 μὴν
571 2611 737 2692 Παλαμᾶς
768 2608 825 2696 τὴν
853 2603 971 2676 ἑαυτοῦ
989 2606 1182 2692 βουλόμενος
1203 2602 1248 2670 ἔτι
1269 2609 1359 2670 πολο-

1430 2761 1431 2812 i

1430 2833 1431 2875 l

178 2968 182 2978 ,
269 2910 391 2965 admirari
418 2911 558 2967 blaximum
583 2911 661 2966 illum
688 2912 807 2966 divinum
827 2912 935 2980 pietatis
960 2918 1177 2980 praeceptorem,
1206 2910 1276 2981 qnod
1300 2903 1356 2976 pul-

269 2984 402 3036 cberrima
430 2986 546 3037 omnium
579 2983 624 3036 hic
647 2986 681 3037 de
714 2986 846 3052 sapientia
878 2983 1082 3051 philosophatus
1107 2990 1148 3036 est
1183 2991 1210 3034 et
1231 2982 1357 3061 sapienter

269 3063 410 3124 utrumque
429 3057 557 3122 secrevit,
578 3057 735 3125 sapientiam
754 3056 877 3108 nimirum
896 3056 1120 3124 iumentumque
1142 3055 1195 3105 et
1187 3070 1215 3106 τιτ
1234 3068 1283 3122 qna
1299 3050 1354 3102 uni-

268 3143 348 3180 versa
374 3129 542 3191 factasunt,
568 3135 595 3178 et
623 3144 732 3190 rursus
739 3127 850 3180 alteram
874 3127 906 3178 nb
933 3143 965 3178 cu
991 3135 1017 3178 et
1045 3143 1093 3194 per
1122 3141 1178 3177 eam
1197 3127 1315 3177 intextam
1333 3126 1355 3170 et

269 3202 441 3266 compositam
462 3199 540 3251 coelo
562 3206 588 3250 et
606 3208 693 3252 terrae
714 3208 740 3250 et
759 3199 879 3250 omuibus
899 3199 995 3250 creatis
1019 3198 1165 3250 artificiose
1186 3205 1213 3248 et
1233 3197 1355 3262 sapienter
1429 3239 1430 3256 ,

267 3286 345 3339 quam
366 3279 472 3322 tenuem
490 3270 556 3321 dicit
576 3277 602 3328 et
622 3271 784 3322 substantiae
806 3279 940 3322 carentem
960 3285 1008 3336 per
1027 3285 1056 3322 se
1076 3269 1275 3338 cogitationem

366 3367 406 3418 Ad
426 3365 493 3416 haec
516 3373 542 3416 ct
561 3365 624 3417 talia
640 3367 737 3419 deinde
755 3366 888 3437 (ir-egeras
905 3365 1000 3417 multas
1021 3381 1081 3418 suas
1102 3367 1128 3417 in
1140 3364 1270 3416 Palamam
1289 3362 1352 3412 eius-

268 3452 320 3506 que
340 3438 464 3489 convicia
484 3436 575 3488 effudit
593 3439 803 3492 insectationes:
831 3453 889 3489 cum
910 3438 1063 3489 ostenderet
1091 3437 1208 3488 alienum
1229 3451 1283 3486 enm
1300 3445 1352 3482 esse

267 3508 299 3560 ab
320 3509 390 3559 omni
409 3508 523 3559 scientia
542 3516 569 3560 et
587 3517 679 3560 nostra
698 3518 725 3560 et
745 3518 864 3572 externa3
889 3517 1051 3576 quapropter
1067 3510 1144 3560 etiam
1165 3507 1296 3574 pravitatis
1312 3503 1351 3550 in·

268 3587 441 3632 strumentum
460 3579 536 3630 illum
557 3580 655 3632 iactum
676 3596 735 3632 esse
758 3581 838 3632 facile
852 3547 1000 3638 6llirmabat
1014 3588 1041 3630 et
1059 3579 1246 3644 concludebat,
1265 3593 1279 3630 a
1296 3587 1350 3626 vera
1428 3624 1429 3632 ,

266 3651 399 3718 sapientia
418 3649 501 3703 semel
522 3651 660 3719 abruptum
683 3660 709 3702 et
722 3651 852 3704 exsulem.
890 3651 986 3703 deinde
1005 3653 1086 3702 miser
1106 3644 1155 3702 iile
1176 3659 1204 3701 et
1220 3644 1349 3726 piacularis
1428 3677 1429 3692 2

266 3728 360 3789 pectus
381 3721 490 3788 pulsans
511 3730 537 3774 et
556 3731 584 3775 ut
603 3725 731 3776 attonitus
751 3724 829 3774 nimis
859 3721 938 3774 valde
959 3721 1107 3786 clamabat,¹
1122 3724 1259 3774 notissima
1276 3717 1349 3770 indis·
1428 3717 1429 3730 ¹

265 3800 339 3844 certc
368 3801 394 3844 et
421 3793 533 3845 confuse
553 3808 714 3861 conserens,
744 3803 770 3845 et
801 3801 830 3845 ut
859 3794 896 3844 ita
916 3794 1000 3844 dicam
1020 3793 1126 3846 iurabat
1153 3793 1256 3845 hostiae
1273 3785 1346 3840 modo·

265 3871 409 3930 propterea
429 3865 506 3914 etiam
526 3881 574 3917 rex
593 3866 783 3933 quodammodo
805 3867 830 3916 ei
849 3879 963 3930 parcens
985 3874 1011 3917 et
1031 3863 1136 3932 placide
1155 3864 1290 3930 animoque
1306 3871 1347 3906 te

154 3971 157 3978 .
264 3949 318 4002 quc
339 3941 365 3984 et
384 3943 497 4002 angusto
517 3951 575 3987 cnm
594 3939 649 3987 risu
676 3938 709 3988 ad
729 3937 873 4004 Gregnram
902 3951 1068 4000 conversus,
1089 3935 1188 3987 leuiter
1207 3936 1261 3985 lere
1279 3927 1346 3982 etita

264 4014 293 4056 ut
312 4020 327 4056 α
346 4004 451 4057 Palamn
471 4007 556 4059 audiri
575 4021 628 4058 unu
648 4016 750 4080 posset,
769 4007 897 4059 suadebat
921 4009 1052 4076 dabatque
1079 4007 1234 4069 consilinm,
1253 3998 1345 4076 ιτνρῐῑῑ-Ι

264 4077 379 4136 cidiores
400 4077 425 4128 ei
444 4079 570 4130 redderet
589 4095 743 4142 sermones,
763 4095 798 4134 ne
818 4080 879 4146 quid
900 4080 1110 4146 inexspectatum
1136 4085 1276 4146 pateretur
1307 4081 1344 4136 qut
1427 4113 1428 4126 r

263 4163 337 4215 cum,
358 4149 414 4204 boc
431 4149 490 4214 erit,
510 4151 702 4216 respondisset,
723 4152 773 4201 iam
793 4151 924 4202 conticuit
942 4158 1043 4218 postea·

361 4243 481 4302 Palnmas
500 4254 588 4302 tamen
608 4263 666 4300 cum
685 4247 783 4318 dogma
805 4263 880 4302 snum
900 4247 1042 4300 multorum
1062 4247 1171 4300 deorum
1191 4245 1269 4316 nagia
1286 4250 1342 4290 ccu-
