2952 4902
225 418 237 429 ,
290 367 362 437 102
587 361 814 432 urcennont
849 354 1080 426 annuerit

285 527 385 621 φολῆ,
398 527 435 596 κδ
450 529 564 594 δοκοῦν
585 526 659 610 περὶ
679 517 724 592 ὧν
744 517 784 592 έν
798 521 941 609 έροίμην,
965 520 1134 605 α’πόκριναι
1150 521 1191 590 σὺ
1206 519 1288 606 πρδς
1303 525 1399 590 θεοῦ.

286 636 355 699 εἰπὲ
376 633 442 706 παῖς
462 634 584 694 πολλῶν
601 627 657 694 καί
675 630 882 694 παντοδαπῶν
904 626 972 690 κοτ’
996 617 1101 691 ἄλλοτ’
1124 619 1240 700 ἄλλους
1257 623 1400 708 κοιρσδς

286 732 494 817 ἁμαρτόντων
513 731 679 816 σ’ρχδντων
696 728 752 794 κοί
773 726 952 813 ἡγεμόνοιν,Ι
972 725 1010 793 οδ
1027 728 1165 793 τοσαῦτα
1180 729 1236 791 καί
1253 723 1289 791 ri
1309 721 1400 810 διτη-

286 857 359 900 κοσν
381 828 439 898 ὅσοι
462 838 518 899 νῦν
539 825 738 898 πεπονθέναι
752 833 975 910 συμπέπτωκε,
998 826 1097 911 μικροὶ
1121 829 1153 892 δ’
1167 818 1263 911 oriri}
1289 829 1398 894 οὐδέν.

285 934 393 1000 ε’πειτο
413 939 481 1010 πῶς
499 937 561 998 τῶν
583 933 750 1016 ἀρχόντων
772 921 899 1019 truvo&
921 930 959 995 τὰ
975 936 1123 1014 χείριστα
1145 929 1304 1010 δρώντων,
1333 931 1422 994 ao’to

284 1041 347 1102 ταῖν
367 1038 426 1120 μὲν
455 1043 519 1110 τοῖς
543 1038 684 1100 πλείοσιν
705 1030 818 1119 ἥκιστα
837 1032 973 1114 πάσχειν
993 1033 1184 1114 συμβαίνει,
1207 1027 1342 1115 σφόδρα
1366 1035 1398 1096 δ’

285 1129 343 1203 onir
361 1146 426 1213 τοϊς
445 1136 614 1222 δπηκόσις,
646 1140 700 1202 κοί
721 1135 816 1200 τοῦθ’
844 1133 886 1210 uic
908 1132 947 1199 τοὶ
974 1131 1075 1198 πολλὰ
1106 1141 1170 1206 τοῖς
1194 1135 1314 1198 πλειόσι
1338 1130 1398 1216 τὴν

284 1242 348 1304 τῶν
362 1236 525 1320 δρχδντων
539 1235 665 1304 ἐκείνων
679 1240 936 1321 βδελυττομένοις
950 1238 1009 1317 μὲν
1025 1233 1147 1315 κονίαν,
1164 1229 1217 1298 διδ
1235 1235 1269 1298 δέ
1286 1233 1396 1320 φόβον

285 1343 454 1426 φρίττουσί
471 1363 506 1403 τε
528 1340 584 1402 καί
604 1339 858 1426 κοταδυομένοις,

219 1448 275 1501 8⁰
384 1443 455 1506 Καί
472 1443 519 1514 τίς
542 1443 621 1503 θεοῦ
646 1443 785 1522 κρίματα
808 1437 928 1503 δύναιτ’
948 1429 988 1502 δν
1010 1439 1150 1522 ἐρευνᾶν,
1171 1436 1395 1522 Ἀμσδδχγελε
1404 1448 1435 1506 10

285 1547 439 1630 φίλτατος
462 1543 492 1606 εἰ
512 1545 572 1621 μὲν
585 1539 645 1624 χδρ
669 1541 818 1624 ἀλλήλοις
838 1534 878 1624 ἧν
897 1537 1044 1624 α’λληλων
1063 1539 1217 1623 γνώριμα,
1240 1543 1298 1605 καί,
1311 1545 1394 1606 πᾶσι

284 1643 407 1707 πάντων
427 1640 515 1722 ἴσως,
538 1639 640 1706 ὁπόσα
664 1651 789 1724 ψυχαῖς
807 1639 972 1725 ’ἀπόρρητα
996 1639 1223 1722 δολσμεδεται,
1247 1635 1335 1723 εἶχεν
1355 1636 1396 1708 δν

286 1740 372 1817 ὅπως
398 1745 474 1806 ποτέ
495 1766 541 1817 τις
573 1745 645 1822 μεθ’
668 1737 943 1827 ὃποιοσδηποτοῦν
973 1748 1030 1828 τῆς
1058 1738 1183 1828 χνοδμης
1205 1741 1243 1806 τὰ
1264 1738 1395 1832 ἓκδστρι

284 1841 434 1926 γινόμενα
458 1841 551 1918 εἰδώς
571 1843 790 1927 ο“καπη’λευτον
809 1846 953 1928 ἐκφέρειν
976 1847 1092 1927 κρίσιν.
1135 1846 1190 1908 νῦν
1209 1846 1239 1907 δ’
1261 1842 1394 1927 δρῶμεν

284 1941 329 2019 ὡς
352 1945 419 2009 oo'ri'
442 1945 537 2020 uo‘ro'c
559 1969 608 2020 τις
626 1949 757 2020 ἕκαστος
788 1948 907 2009 δύναιτ’
929 1938 968 2010 δν
998 1941 1100 2036 ἑαυτῷ
1119 1949 1258 2030 συνορᾶν
1282 1945 1394 2028 ἆμαρ·
1405 1965 1433 2019 15

284 2047 421 2130 τοὶνοντι,
448 2042 496 2113 δτι
520 2072 554 2112 τε
576 2044 717 2128 μάλιστα
747 2045 873 2114 πάντων
901 2048 977 2132 ιιερί
1005 2045 1118 2114 ἑαυτὸν
1151 2045 1394 2133 tectoriorum

281 2143 422 2231 μάλιστα
453 2148 577 2214 πάντων
607 2147 710 2237 ἑαυτῷ
742 2145 952 2236 φιλούμενον,
975 2155 1029 2216 καί
1046 2146 1096 2217 ὅδ’
1118 2145 1231 2234 ἥκιστα
1252 2137 1394 2214 σίδενέἰ

281 2252 338 2314 τοῦ
362 2247 478 2334 χρόνον
502 2252 630 2336 ῥέοντος
653 2251 785 2335 ἡκακία
807 2257 898 2318 ποσίν
924 2254 1052 2337 ἀδήλοις
1077 2249 1301 2336 έπιδραμοῦσσ
1328 2252 1394 2314 δο-

282 2348 437 2434 τιανήσει,
457 2353 562 2433 κύβων
585 2354 673 2436 δίκην
687 2359 879 2436 ’μεταθεῖσο
903 2352 1029 2420 σύνεσιν
1050 2354 1155 2440 αὐτῷ,
1178 2353 1232 2415 καί
1251 2347 1394 2416 rotinus-

282 2457 351 2515 τίον
372 2446 471 2527 αὖθις·
491 2449 545 2535 ἦγέ
564 2453 602 2541 τῇ
617 2458 709 2543 κακίᾳ
720 2459 887 2542 μαχομένη
900 2456 1000 2540 φύσις
1017 2450 1169 2536 τάγαθοῦ.
1192 2453 1222 2518 εἰ
1242 2453 1277 2517 δέ
1297 2456 1432 2519 rotomo

229 2626 235 2634 ,
283 2549 386 2630 οὕτω,
416 2557 536 2617 πολλοῦ
563 2559 648 2634 μέντ’
681 2550 722 2621 δν
754 2557 876 2642 δεήσειε
905 2556 942 2621 ιδ
977 2552 1092 2640 ἑτέρων
1118 2551 1248 2638 ἑτέρους
1269 2555 1392 2620 εἰδέναι

282 2656 366 2718 ποτέ.
402 2655 554 2742 ’θεῷ’χὰρ
577 2652 663 2745 μόνῳ
687 2659 773 2722 τοῦτ’
798 2657 950 2743 οἷπρδίτσν
971 2655 1146 2743 τετήρηταί
1161 2679 1197 2740 χε
1219 2657 1274 2720 καί
1294 2677 1392 2720 τετο-

281 2917 442 2972 sentuntitnr
461 2918 495 2972 de
517 2933 559 2984 eo,
574 2921 644 2990 quod
654 2929 795 2990 rogaturus
808 2923 869 2988 sim,
887 2923 1024 2990 μετέειπε
1035 2921 1100 2976 mibi
1120 2935 1260 2990 expromat
1275 2937 1389 2991 quaeso.

269 2989 326 3042 ‚dic
345 2989 421 3054 mihi,
442 2991 562 3058 quibat,
581 3000 620 3056 ut,
641 3009 720 3061 quum
738 2994 876 3060 principes
895 3003 976 3063 atquo
995 2995 1076 3048 duoos
1095 2994 1171 3046 multi
1194 3001 1221 3046 st
1242 2995 1321 3060 varii,
1340 2996 1390 3047 alii

283 3060 343 3112 aliis
364 3063 528 3129 temporibus
548 3063 653 3116 seelera
673 3066 865 3129 commiserint,
894 3081 985 3118 eorum
1005 3067 1119 3120 subiecti
1137 3081 1191 3118 nou
1210 3067 1290 3118 tantis
1309 3066 1388 3118 malit

280 3147 397 3199 nuquam
416 3132 505 3183 affecti
525 3134 596 3195 siut,
627 3136 732 3201 quantis
756 3138 1011 3203 nunoaiiioiantur,
1040 3139 1086 3192 sed
1105 3139 1195 3205 parvis
1221 3136 1266 3188 vel
1285 3137 1386 3200 nuliis;

282 3203 379 3254 deinrle
408 3203 450 3253 dio
479 3202 560 3266 mibi,
587 3205 632 3270 qui
651 3205 715 3269 iiat,
734 3215 764 3258 nt
782 3209 935 3276 principes,
956 3225 1111 3278 quamquam
1130 3209 1245 3276 pessima
1264 3208 1387 3260 facinora

281 3279 452 3338 perpetrant,
479 3274 531 3340 ipsi
558 3273 716 3344 plerumque
739 3279 861 3334 minimus
885 3281 975 3334 clades
996 3281 1122 3344 subeant,
1151 3281 1277 3332 maximas
1296 3288 1385 3331 nutem

282 3357 373 3394 eorum
393 3343 502 3408 subditi,
523 3347 644 3412 quamvis
664 3363 755 3400 eorum
773 3353 857 3402 maior
870 3367 931 3418 pars
950 3353 1146 3420 improbitatem
1165 3352 1314 3418 principum
1333 3351 1385 3403 ab.

281 3415 423 3480 ominetur,
442 3416 539 3484 timore
558 3426 645 3470 auteur
665 3419 809 3473 cohorreat
833 3431 913 3491 utque
936 3423 992 3476 illis
1012 3421 1111 3476 cedat?
1183 3487 1186 3490 ¹

383 3504 476 3568 „Quis
496 3503 670 3558 diiectissimo
688 3509 887 3578 sgsrhsugele‚
912 3513 1010 3564 indicia
1028 3513 1071 3564 dei
1091 3512 1177 3578 possit
1193 3510 1342 3580 indagare?
1361 3513 1383 3564 si
1472 3525 1473 3540 ¹

282 3573 352 3624 sinim
370 3575 441 3627 alter
459 3575 571 3628 alterius
590 3585 617 3628 et
636 3593 728 3631 omnes
748 3583 849 3647 pariter
867 3585 983 3634 omnium
1008 3598 1104 3635 aroana
1120 3582 1245 3647 consilia,
1265 3598 1334 3650 quaa
1355 3585 1382 3634 in
1472 3613 1473 3638 ι

281 3645 375 3697 animis
395 3655 576 3713 reservantur,
598 3653 705 3718 cognita
724 3651 863 3718 haberent,
884 3669 941 3706 cum
955 3656 1059 3706 ratione
1077 3655 1186 3722 quadum
1201 3653 1299 3722 aliquis
1318 3656 1381 3705 uni-

280 3717 444 3786 uscuiusque
469 3720 602 3770 notionum
627 3723 729 3788 peritus
756 3725 784 3774 in
815 3735 967 3792 corruptura
997 3727 1122 3777 iudicium
1156 3725 1247 3776 facere
1279 3733 1380 3792 posset.

280 3802 352 3838 nuno
370 3797 458 3840 autem
476 3791 607 3855 videmus,
629 3807 684 3844 non
703 3809 751 3846 ana
770 3811 901 3864 quemque
928 3799 1011 3864 ipsius
1032 3805 1142 3864 peceato
1161 3811 1242 3862 posse
1260 3811 1381 3865 eognos-

281 3873 343 3908 oere
368 3868 512 3926 propterea
536 3864 606 3929 quod
629 3865 661 3915 de
687 3881 717 3916 se
744 3869 857 3934 quisque
877 3868 911 3919 ob
934 3871 1043 3920 nimium
1069 3870 1111 3920 sui
1133 3883 1248 3919 amorem
1267 3870 1381 3920 maxime

259 3960 262 3967 -
280 3940 439 3982 occaecatus
458 3940 605 4000 estusque
624 3937 684 4000 scit,
705 3953 768 3987 num
781 3938 851 3989 forte
865 3938 973 3991 labente
992 3949 1114 4006 temporo
1133 3939 1288 4007 improbitas
1311 3941 1380 4006 pede
1471 3993 1472 3996 ,

279 4000 393 4053 obscuro
413 4017 541 4072 aggressa
558 4008 634 4074 quasi
654 4016 769 4060 tesseras
789 4011 868 4061 animi
883 3999 1048 4078 prudentisim
1065 4019 1195 4062 mutatura
1211 4019 1237 4061 et
1252 4010 1380 4078 abaump.
1471 4001 1472 4038 ί

279 4079 339 4124 tura
357 4075 410 4138 sit,
431 4074 537 4126 bonitas
557 4092 623 4129 vero
648 4079 810 4146 improbitati
837 4094 988 4150 repugnans
1015 4098 1048 4133 ex
1067 4083 1201 4134 contrario
1221 4097 1313 4134 rursus
1332 4084 1379 4134 in.

278 4159 387 4196 cessure
407 4145 451 4198 sit.
497 4149 519 4198 si
544 4148 595 4199 boo
622 4151 658 4200 ita
678 4159 728 4214 est,
749 4151 858 4204 multum
876 4154 971 4218 aberit,
996 4161 1025 4210 ut
1050 4153 1163 4205 alterum
1181 4153 1250 4204 alter
1268 4155 1379 4221 perspi.

278 4215 342 4267 cist.
378 4217 429 4269 deo
449 4219 519 4270 eninr
538 4220 590 4272 soli
613 4221 664 4272 boo
689 4223 854 4275 inaccessum
882 4234 1005 4278 servatur
1029 4233 1108 4294 atque
1126 4227 1239 4293 regitur,
1260 4227 1305 4294 qui
1325 4225 1379 4276 bo.

277 4288 375 4340 minant
392 4285 463 4342 beno
483 4289 726 4363 iaciuntemritaar
755 4301 875 4348 uotiuum
895 4297 1101 4365 plaoidirsimam
1119 4311 1212 4364 paoem
1231 4298 1379 4365 spirantem
