2952 4902
228 327 298 406 tos
386 321 389 328 ’
524 335 748 404 nrcrrnonr
780 335 1011 426 careonis

224 502 339 588 καρδίη
369 496 504 580 τάνδρδς
525 496 856 584 ἔντεθησαυρισμένας
880 504 1046 584 δυσσεβεῖς
1076 505 1150 587 περί
1171 505 1328 584 δεαῦρκοί

224 606 288 669 τοῖν
307 605 403 668 dorios
435 599 601 684 δογμάτων
628 599 748 677 ἑννοίας
765 603 829 667 ’καί
857 602 929 681 τοὺς
950 606 1005 688 τῆς
1036 604 1188 700 niuoso·
1208 587 1349 692 ἐκείνης’

224 702 414 787 γεννήτορας
433 703 564 788 τάφους.

159 830 213 883 42
316 797 384 868 Ἔτι
407 808 461 870 καί
477 807 569 870 voden
591 800 766 888 προσθήσω
785 815 853 882 τοῖς
866 795 1060 891 εἰρημένοις,
1084 807 1259 873 ἀκόλουθον
1281 809 1326 884 είς

154 963 165 984 ,
225 907 425 997 παράστασιν
447 911 503 990 ιής
522 904 649 991 γνώμης
669 908 818 991 δπάρχσν
839 909 894 974 καί
906 910 1001 973 τοῦτο
1017 910 1156 992 τάνδρός.
1200 907 1267 974 ἔστι
1290 912 1352 975 δὲ5

225 1010 288 1072 τάν
308 1011 430 1074 πολλάν
461 1011 494 1074 ἓν
525 1005 883 1095 δφειδοίπαρήκαμεν
905 1013 1020 1075 adron.
1078 1010 1199 1096 Εἰρήνη
1223 999 1325 1095 γάρή

223 1111 353 1192 donatia·
374 1112 429 1174 καί
448 1108 585 1193 σάζυγος
608 1109 707 1174 αδτοῦ
730 1110 849 1188 πολλάς
881 1112 1045 1195 ἐπήνεγκεν
1068 1110 1141 1193 ἐμοί
1160 1112 1327 1196 παρακλή-

224 1234 301 1288 σεις,
322 1210 570 1294 εάχοριστήριον
593 1212 637 1288 οἷς
658 1215 691 1290 ἔξ
713 1213 812 1296 αάεής
830 1215 984 1278 ’ἐκθεῖναι
1004 1214 1093 1296 λόγον
1116 1219 1155 1302 τῇ
1180 1210 1326 1302 πανάγνιρ

223 1315 322 1397 μητρί
341 1317 399 1378 τοῦ
423 1315 513 1392 θεοῦ,
527 1307 587 1385 ,ὅτε
607 1309 664 1397 τήν
683 1315 777 1398 opud»
793 1310 962 1398 βασιλικήν
985 1315 1017 1390 ἐς
1039 1316 1217 1392 Βυζάντιον
1240 1311 1327 1380 εἴσα-

225 1414 280 1477 δον
300 1411 354 1476 καί
374 1416 462 1497 λήξιν
483 1417 539 1496 τής
560 1414 760 1479 ἐπικινδύνου
783 1417 839 1479 καί
857 1419 984 1497 μακροῖς
1010 1418 1131 1501 ἐκείνης
1154 1412 1272 1501 πλάνης
1292 1413 1372 1480 isto

224 1512 330 1602 μνήμη
351 1517 412 1602 μιρῖ
433 1516 503 1580 ’τάν
525 1509 624 1598 αάτής
651 1509 766 1599 ἓορτιὸν
795 1521 984 1601 γενομένην,
1017 1517 1072 1604 καί
1100 1519 1157 1581 οάκ
1193 1509 1328 1581 άλλοδεν

226 1608 307 1680 εἶναι
331 1613 494 1697 ὁμολογεῖν
516 1617 647 1700 ταυτηνί
665 1614 722 1700 τήν
744 1620 927 1700 ἐπικουρίαν
947 1616 1030 1701 πλήν
1051 1618 1159 1700 αυίής.
1204 1624 1329 1702 φιλοτι-

226 1715 360 1800 μότερον
382 1719 486 1781 τοίνυν
508 1718 590 1794 ἐμοῦ
608 1721 827 1783 τὸντοιοῦταν
849 1719 1057 1796 ἐκδεδωκότος
1085 1718 1177 1801 λόγον
1197 1713 1251 1783 διά
1273 1717 1329 1800 τήν

229 1818 284 1900 τής
305 1819 469 1898 βασιλίδος
492 1815 622 1904 ἔφεσιν,
645 1817 741 1895 αὐτὸς
764 1819 962 1902 θεασάμενος
992 1822 1063 1885 α’νιί
1082 1822 1142 1885 τοῦ
1166 1819 1329 1903 οἷγαπήσσι

227 1917 381 2002 μεμίσηκε
393 1917 481 1999 μάλα
494 1943 523 1984 τι
538 1924 669 2004 μάλλον,
693 1915 739 1987 ὅτι
755 1920 798 2005 μή
814 1925 853 2009 τῇ
869 1904 973 1986 σίτοῦ
990 1927 1114 1987 συνέσει
1129 1921 1184 1985 καί
1193 1945 1330 2003 στρατη·
1340 1928 1370 1981 15
1457 1927 1458 1952 ³

229 2013 287 2107 γίρί
302 2022 362 2083 τοῦ
385 2024 544 2104 τροπαίου
567 2019 603 2085 τά
628 2028 691 2088 πάν
712 2025 858 2106 α’νήπτεν,
882 2021 961 2086 άλλά
987 2025 1024 2112 τῇ
1045 2025 1142 2106 μητρί
1162 2025 1217 2086 τοῦ
1240 2023 1331 2102 θεοῦ,

163 2107 168 2118 ’
228 2113 334 2202 οἵσπερ
358 2111 397 2183 άν
418 2120 449 2184 εἷ
467 2120 577 2204 νεκράν
591 2118 777 2206 ὑπάρχοντα
794 2124 951 2203 κεκάμιιιε,
973 2122 1080 2209 φησίν,
1105 2120 1204 2186 αὐτόν
1228 2122 1330 2206 ε’νκείνη

227 2218 307 2301 μετά
332 2225 458 2300 ξυλίνου
482 2223 562 2299 τινάς
593 2223 789 2306 κροββάτου.
832 2218 913 2305 πρός
944 2227 1033 2288 ταῦτ’
1056 2223 1116 2305 tyri
1136 2226 1200 2303 ,μὲν
1223 2224 1332 2302 ἐξεπε-

233 2319 387 2405 πλήγμην,
403 2324 459 2387 καί
478 2321 534 2407 τήν
555 2325 657 2388 αυίοά
679 2325 746 2388 κατ’
769 2321 907 2404 ἐμαυτόν
922 2322 1114 2416 κακοήθειαν
1128 2321 1332 2406 ἐμεμψάμην·

231 2420 310 2506 ήδδ
331 2422 457 2506 βασιλίς
479 2422 598 2509 Εἰρήνη
621 2424 724 2507 λόγοις
753 2429 812 2508 μὲν
833 2427 1053 2511 σκληροκήροις
1084 2433 1148 2499 τοῖς
1168 2423 1247 2507 πρὸς
1270 2425 1372 2489 ου’-λθ
1431 2405 1439 2418 ‘

232 2522 306 2604 τόν,
336 2521 440 2610 ἔργοις
476 2509 606 2600 δὲ’τοῖς
636 2529 750 2613 ἐφεξῆς
781 2525 894 2611 ἔφηνεν
928 2523 1001 2591 ὅσον
1023 2528 1079 2610 τής
1109 2524 1259 2609 εὐηθείαις
1280 2528 1333 2589 καί
1457 2529 1458 2552 λ

233 2622 313 2708 ου’τή
336 2625 394 2690 τοῦ
415 2622 554 2710 συζύγου
578 2632 726 2709 κατέγνω.
771 2629 825 2692 διὰ
843 2626 908 2712 γάρ
930 2625 1067 2713 μεγάλης
1090 2624 1209 2711 ἔχουσα
1232 2649 1332 2690 σπου-

233 2726 289 2810 δής
310 2727 460 2809 λαμπράν
482 2729 519 2817 τῇ
545 2729 681 2819 &tondum
703 2728 758 2795 καί
788 2734 945 2813 πολυτελῆ
968 2728 1144 2814 πανήγυριν
1172 2720 1331 2811 ἑορτάζειν

239 3017 289 3070 deo
311 3025 338 3072 et
355 3019 453 3072 divinis
479 3021 609 3089 dogmatis
633 3035 728 3074 sensus
751 3021 803 3071 iam
834 3021 879 3072 diu
898 3021 924 3072 in
954 3001 1034 3071 corde
1052 3018 1104 3071 riri
1122 3017 1274 3070 reconditos
1293 3017 1333 3070 fa-

237 3097 368 3161 stumque,
388 3091 462 3144 iliius
480 3093 630 3144 dementiae
649 3100 795 3159 parentem,
816 3091 969 3159 patefacere
990 3106 1043 3143 non
1061 3091 1187 3143 cessavit.

337 3187 423 3240 Etiam
445 3187 496 3240 hoc
514 3189 625 3251 addam,
651 3188 720 3256 quod
740 3188 803 3240 item
822 3189 853 3241 ad
875 3188 989 3240 hominis
1015 3187 1154 3240 consilium
1176 3199 1334 3253 repraesen-

237 3258 342 3310 tandum
364 3258 491 3324 pertinet.
530 3267 570 3310 est
590 3274 656 3312 vero
676 3275 755 3310 unum
776 3259 904 3323 emultis,
925 3275 993 3327 quae
1012 3261 1037 3311 ei
1053 3267 1194 3326 parcentes
1214 3265 1334 3326 praeter-

236 3330 365 3380 misimus.
402 3329 481 3380 ireno
510 3333 579 3381 enim
607 3330 762 3398 imperatrix
792 3332 903 3398 eiusque
924 3345 991 3382 uxor
1016 3330 1112 3382 multas
1137 3328 1200 3380 mihi
1221 3328 1336 3380 admouit

236 3400 445 3464 adhortationes,
466 3408 495 3452 ut
513 3417 547 3453 ex
567 3403 623 3454 eius
651 3417 765 3469 persona
784 3404 926 3472 gratiarum
945 3404 1075 3455 actionem
1095 3397 1259 3473 costirsin'me
1279 3414 1335 3450 ma-

236 3472 269 3525 tri
291 3472 334 3523 dei
354 3471 470 3536 ederem,
491 3475 589 3541 quippe
609 3475 680 3542 quod
698 3476 885 3542 imperatorius
905 3476 1029 3526 introitus
1048 3474 1206 3540 Byzantium
1227 3472 1336 3540 pericu-

120 3542 122 3554 '
235 3544 355 3611 lusique.
364 3557 395 3594 ac
415 3542 489 3612 longi
510 3547 608 3598 erroris
627 3546 687 3599 finis
706 3547 833 3598 memoria
856 3547 934 3597 unius
955 3561 988 3596 ex
1015 3545 1091 3598 iestis
1109 3545 1137 3596 in
1156 3543 1230 3595 illius
1249 3542 1335 3612 hono.

236 3631 292 3670 rem
311 3612 457 3666 celebratis
487 3615 570 3669 iactus
601 3626 680 3670 esset.
720 3618 848 3670 auxilium
876 3632 943 3670 vero
962 3617 1013 3668 nisi
1044 3617 1078 3668 ab
1105 3631 1136 3666 ea
1155 3630 1208 3668 non
1228 3612 1336 3666 aliatum

238 3700 372 3738 essenon
391 3686 479 3753 putuit
495 3703 548 3740 nou
567 3691 594 3740 iu
616 3689 741 3741 confesso
763 3705 832 3741 esse.
854 3689 1003 3740 huiusmodi
1022 3689 1169 3739 orationem
1187 3702 1267 3754 quum
1287 3699 1335 3753 ego

238 3758 384 3815 studiosius
409 3761 616 3826 composuissem
644 3761 777 3812 voluntati
806 3761 984 3828 imperatricis
1011 3759 1170 3823 obsecutus,
1196 3761 1336 3824 imperator
1388 3761 1392 3771 “

239 3843 296 3883 earn
324 3831 492 3897 conspicatus
520 3846 568 3898 pro
593 3847 683 3884 aurore
712 3833 835 3900 concepit
861 3832 964 3896 odium,
994 3832 1063 3899 quod
1086 3832 1208 3883 nimirum
1233 3844 1287 3880 non
1306 3826 1337 3880 ad

238 3916 311 3954 suam
331 3903 496 3967 prudentiam
523 3911 603 3972 atque
630 3903 756 3956 beiiicam
780 3904 903 3971 peritiam
930 3903 1043 3955 victoria
1070 3910 1125 3954 tota
1152 3900 1237 3953 relata
1258 3905 1336 3961 esset,

237 3973 285 4026 sed
303 3973 335 4024 ad
355 3980 462 4024 matrem
482 3973 536 4038 dei,
557 3975 633 4043 quasi
651 3988 747 4042 corpus
767 3984 898 4027 mortuum
917 3975 1009 4043 ligneo
1038 3975 1139 4026 cuidam
1168 3973 1269 4036 feretro
1286 3973 1336 4022 im-

236 4045 352 4114 positum
370 4047 548 4111 importasset.
596 4045 645 4098 hac
676 4063 706 4098 re
740 4048 861 4115 equidem
887 4044 1027 4113 perculsus
1055 4047 1079 4097 ei
1100 4044 1292 4112 malignitatem
1310 4042 1336 4091 iu

236 4133 279 4183 mo
301 4116 480 4185 opprobravi3
500 4118 654 4186 imperatrix
672 4125 759 4170 autem
786 4119 865 4171 Irene
886 4127 912 4169 et
931 4118 1022 4170 verbis
1043 4115 1224 4184 asperioribus
1244 4121 1270 4165 et
1289 4113 1336 4164 de-

237 4189 299 4243 inde
320 4189 402 4242 rebus
423 4189 548 4254 ostendit,
570 4199 684 4259 quantae
703 4191 840 4259 nequitiae
856 4191 915 4258 ipsa
932 4190 1054 4241 maritum
1073 4195 1208 4256 argueret.
1246 4199 1337 4254 quam-

17 4289 18 4296 *
129 4309 133 4314 .
238 4275 315 4335 quam
332 4261 402 4334 enirn
421 4277 518 4331 magno
539 4262 627 4316 studio
646 4263 778 4330 lieiparae
805 4261 971 4330 splendidum
997 4270 1076 4333 atqua
1095 4266 1276 4327 sumptuosum
1297 4255 1337 4308 ic-

999 4331 1009 4341 '
1344 4339 1355 4364 ν
