2992 4916
308 337 381 412 508
602 341 826 412 Nicatnonl
857 339 1086 410 aaaootttn

306 511 465 594 τεθνηκὸς
480 505 535 573 οὒκ
557 495 710 574 έσάλευσε
731 509 794 572 τῶν
816 503 913 571 αὐτοῦ
926 509 1050 593 φρενῶν
1066 503 1125 584 τὰς
1146 510 1310 594 κρηπῖδας,
1330 507 1386 576 oit’

309 607 453 691 ἀθυμίαν
477 609 646 694 ἀνήκεστον
669 607 827 690 εὐθυμίας
852 607 1054 686 ἀλλάξασθαι
1078 610 1278 696 προσκαίρου
1299 610 1386 696 παρέ-

307 732 429 774 πεισεν·
475 709 542 774 ἀλλ’
566 709 772 791 αὐτοσχέδιον
800 709 989 794 ξενηλασίαν
1010 703 1278 795 μηχανησάμενος
1298 710 1386 796 αὕθη·

305 808 404 894 μερὸν
426 809 627 896 θρηνούντων
657 810 724 894 ἅμα
753 811 809 874 καί
838 812 1045 896 θρηνουσῶν,
1076 811 1131 875 ἐπὶ
1163 813 1219 897 τῆς
1247 811 1387 898 προτέρας

308 905 403 986 αὖθις
425 911 597 996 κατέστησε
618 910 783 996 θυμηδίας
798 909 839 975 τὰ
861 911 1042 996 πράγματα,
1065 912 1121 975 καί
1140 911 1406 997 προσκαλεσάμεδ

224 1031 238 1044 “
308 1026 360 1089 νὀς
382 1010 463 1095 μετὰ
481 1014 589 1098 τρίτην
610 1015 733 1078 ἐκεῖθεν
756 1011 880 1098 ἡμέραν
898 1009 952 1076 τὸν
973 1012 1042 1076 νέον
1061 1015 1229 1098 μνηστῆρα
1249 1011 1302 1077 τὸν
1319 1013 1387 1096 βέρ-

307 1119 409 1201 βαρον
430 1115 512 1179 sord
530 1141 562 1180 τι
586 1119 751 1201 κρατῆσαν
784 1116 858 1192 ἔθος
880 1117 913 1179 ἐκ
934 1119 1090 1194 παλαιοῦ,
1112 1113 1168 1201 τὴν
1187 1117 1387 1202 μνηστευομέ·

308 1239 364 1300 νην
391 1214 509 1294 ἔδειξεν
537 1214 624 1303 αὐτῷ
658 1218 754 1302 κόρην
785 1215 867 1302 πρὸς
900 1215 1029 1280 δέκατον
1064 1213 1136 1302 ἅρτι
1166 1219 1389 1303 προβαίνουσιν

242 1315 386 1393 14έιος.
427 1315 546 1381 τούτων
566 1320 595 1383 δ’
618 1314 698 1381 οὕτω
726 1317 936 1404 διῳκημένων,
959 1315 1069 1402 ἐπειδὴ
1083 1317 1140 1402 τὴν
1162 1322 1194 1394 ἐς
1214 1317 1267 1382 τὸν
1287 1317 1388 1384 Ἀστα-

305 1416 398 1502 κηνόν
420 1416 536 1482 κόλπον
568 1415 586 1481 ὅ
613 1415 764 1500 βασιλευς
797 1417 911 1502 ἀκήκοε
944 1418 1084 1483 κάθοδον
1111 1421 1145 1483 ἐκ
1176 1417 1313 1492 Νικαίας
1343 1417 1420 1481 sodli

300 1517 461 1604 Ὑρκανοῦ,
483 1517 670 1596 ἔξέπλευσεν
701 1516 796 1593 edom
832 1517 890 1582 σίν
912 1543 947 1602 με
982 1522 1029 1605 τῷ
1048 1521 1105 1583 τοῦ
1123 1518 1275 1604 Ὑρκανοῦ
1301 1517 1388 1593 παιδί,

304 1621 360 1684 καί
378 1612 434 1703 ἧκε
461 1621 643 1706 δευτεραῖος
673 1621 774 1683 ἐκεῖσε
802 1620 858 1684 καί
891 1612 997 1696 οὗτος,
1030 1618 1203 1694 α’ποδιδούς
1232 1621 1279 1705 rigi
1305 1616 1389 1701 πατρί

303 1718 357 1784 τόν
379 1721 479 1784 παῖδα
501 1722 557 1784 καί
579 1720 646 1803 ἅμα
670 1721 766 1798 ἀξιῶν
788 1719 828 1783 τὰ
851 1721 995 1803 σίμβολα
1014 1723 1069 1803 τῆς
1091 1723 1245 1804 διαδοχῆς
1265 1722 1319 1804 τῆς
1337 1719 1388 1781 τῶν

303 1823 456 1884 Βιθυνῶν
480 1821 581 1906 ἀρχῆς
600 1821 736 1905 τήμερον
763 1820 850 1907 αὐτῷ
871 1823 1072 1906 ’ἐγχειρίσαιΙ
1127 1825 1251 1886 δίκαιον
1272 1818 1329 1906 γὰρ
1351 1810 1386 1879 εἶ-

244 1953 247 1962 ’
303 1946 357 1986 ναι
378 1921 433 1984 καί
464 1918 507 1997 ὥς
541 1925 604 1986 τῶν
634 1912 737 1986 ιῖίλων
768 1924 893 1986 παίδων
924 1925 1045 2004 μᾶλλον
1077 1921 1164 2008 αὐτῷ
1192 1919 1418 2006 ἅμαπωμένῳ,ιι

303 2023 360 2087 καί
378 2020 422 2098 ὥς
441 2025 598 2107 μνηστῆρι
619 2026 674 2107 τῆς
691 2021 850 2106 βασιλέως
877 2023 1053 2108 θυγατρός,
1087 2022 1142 2086 καί
1175 2019 1217 2097 ὦς
1249 2021 1323 2105 ἀξίῳ
1343 2021 1388 2100 τῆς

292 2124 410 2209 ,ἀρχῆς
433 2122 487 2187 διά
507 2146 542 2188 τε
564 2121 598 2188 τὸ
622 2124 767 2208 ἀνδρεῖον
787 2127 842 2207 τῆς
862 2125 987 2208 γνώμης
1000 2125 1055 2188 καί
1073 2121 1239 2209 ῥωμαλέον
1260 2123 1314 2186 rod
1334 2119 1386 2184 ool-

304 2249 405 2308 ματας
425 2224 480 2290 καί
503 2225 583 2312 πρός
603 2251 638 2311 με
668 2224 702 2290 τὸ
733 2229 789 2309 τῆς
819 2225 1005 2310 φρονήσεως
1030 2224 1207 2310 δραστικόν.
1250 2225 1336 2287 ταῦτα
1356 2215 1387 2300 δὴ

305 2321 361 2390 oda
383 2326 439 2391 καί
452 2328 552 2391 πιέλαι
573 2328 795 2413 βεβουλημένῳ
809 2351 841 2390 τε
857 2327 912 2390 καί
926 2327 1166 2412 βεβουλευμένην
1188 2321 1386 2412 τηλὙρκανῷι
1463 2339 1464 2415 f

304 2428 374 2490 ἐπεὶ
394 2427 449 2491 καί
471 2425 524 2492 τὸν
543 2431 599 2490 τοῦ
619 2428 777 2508 βασιλέως
798 2425 1009 2509 συμπέπτωκε
1028 2426 1107 2501 τέως
1129 2421 1301 2510 έρεθισμόν
1322 2435 1419 2490 συν-νο

305 2526 397 2611 ερμόν
425 2529 467 2613 τῇ
496 2529 615 2593 ἐκείνου
636 2528 733 2613 ταίτη
767 2528 919 2611 βουλήσει
948 2527 1118 2613 γενέσθαι,
1153 2523 1255 2613 ῥᾷστα
1290 2517 1388 2586 λοιπὸν
1462 2605 1463 2620 ρ

235 2639 289 2691 15
304 2626 359 2691 καί
378 2625 419 2691 τὰ
439 2631 495 2711 τῆς
518 2630 671 2713 αἰτήσεως
692 2632 882 2713 πεπρᾶχθαι
907 2627 1022 2706 ἔδοξεν.
1066 2625 1143 2692 ὅθεν
1166 2626 1221 2690 καί
1242 2645 1386 2710 στρατιω-
1462 2621 1463 2677 l

278 2715 364 2791 ¹sois
385 2725 575 2810 Βυζαντίων
600 2730 717 2809 συχνοί
732 2751 828 2806 τινες,
864 2728 919 2792 καί
944 2727 1010 2810 ἅμα
1038 2730 1101 2791 τῶν
1122 2725 1256 2811 εὐμενῶν
1277 2721 1388 2806 ἀνδρῶν

305 2827 360 2891 οὐκ
384 2828 499 2915 ὀλίγαι,
514 2837 580 2906 τοῖς
606 2830 782 2916 βαρβάρων
806 2831 922 2912 ἀναμίξ
942 2827 1150 2915 στρατιώταις
1180 2825 1234 2891 τὸν
1256 2826 1312 2890 τοῦ
1326 2820 1387 2905 Ὑρ-

171 2924 190 2980 f·
201 2922 286 2981 254⁸·
301 2931 400 2992 κανοῦ
419 2930 635 3016 προέπεμψαν
649 2931 834 3004 παῖδα,’σύν
846 2953 881 3013 γε
897 2930 1071 3012 κυμβάλοις
1085 2927 1140 2993 καί
1158 2927 1331 3010 τυμπάνοις
1341 2917 1418 2997 tolli

303 3239 328 3290 ei
351 3237 498 3304 persuasit,
528 3245 558 3288 at
585 3238 718 3289 tristitiam
740 3252 799 3289 cum
825 3237 959 3289 hilaritate
977 3241 1164 3300 commutaret,
1195 3235 1242 3288 aed
1261 3234 1319 3286 ains
1338 3240 1386 3284 arte

302 3309 348 3360 ubi
367 3308 487 3373 hospites
506 3307 608 3374 depulit
626 3324 704 3375 qaum
726 3309 845 3377 quotidie
865 3317 892 3360 et
911 3309 962 3361 viri
982 3318 1009 3359 et
1027 3307 1153 3359 mulieres
1181 3306 1385 3365 lamentarentur,

302 3379 387 3446 priori
406 3377 533 3429 hilaritati
562 3379 718 3431 retradidit
743 3388 769 3431 et
788 3381 868 3431 tertio
887 3380 930 3430 die
951 3393 1050 3446 sponso
1071 3378 1164 3430 iuveni
1193 3376 1305 3428 barbaro
1323 3389 1386 3426 moro

303 3449 415 3516 quodam
442 3449 551 3515 antiquo
578 3464 700 3514 sponsam
720 3451 835 3502 ostendit
857 3449 973 3515 puellam
998 3451 1089 3501 decem
1110 3449 1167 3500 lere
1192 3462 1275 3499 annos
1301 3455 1386 3499 natam.

304 3533 471 3587 quaequam
498 3534 530 3570 eo
563 3528 652 3570 essent
671 3521 780 3584 adacta,
800 3536 866 3583 rex,
893 3521 982 3571 audito
1002 3520 1118 3585 llyrcaui
1137 3520 1236 3572 llioaea
1265 3519 1293 3569 iu
1312 3519 1387 3570 sinum

302 3593 463 3644 Astacenum
485 3590 592 3652 itinere,
613 3592 700 3642 statim
720 3608 778 3642 cum
797 3591 913 3657 Hyrcani
934 3590 989 3642 lilio
1008 3591 1156 3658 navigavit.
1193 3589 1243 3640 illo
1262 3590 1323 3640 dein
1343 3588 1386 3638 hue

302 3662 387 3714 venit.
406 3661 504 3712 tradito
526 3663 592 3727 patri
612 3662 667 3712 lilio
697 3663 854 3714 documenta
883 3663 1032 3728 recipiendi
1055 3661 1132 3728 regni
1153 3661 1290 3726 Bithyuioi
1318 3659 1387 3710 hodie

303 3733 328 3793 ei
347 3732 415 3782 tradi
434 3732 517 3783 iubet.
537 3733 644 3800 dignum
665 3749 724 3784 esse
744 3734 843 3800 quippe
863 3734 908 3799 qui
929 3734 1013 3799 magis
1033 3747 1109 3799 quam
1123 3733 1206 3782 ceteri
1225 3731 1305 3782 liberi
1323 3745 1387 3782 ama-

300 3811 384 3866 retur,
403 3805 502 3869 qoippe
521 3805 566 3870 qui
584 3806 656 3870 regia
674 3804 747 3854 filiae
765 3819 878 3869 sponsus
899 3812 983 3866 esset,
1009 3804 1130 3870 dignum„
1145 3817 1205 3854 esee
1227 3817 1313 3870 regno
1330 3813 1387 3868 pro.

301 3881 361 3940 pter
386 3873 491 3923 virilem
515 3875 628 3925 animum
651 3882 678 3925 ot
703 3875 823 3941 eorporis
853 3874 933 3924 robur
958 3882 985 3925 et
1015 3881 1149 3924 strenuam
1173 3879 1298 3924 mentem.
1344 3871 1386 3922 hoe

302 3943 432 4012 quondam
452 3951 555 4010 optarat
577 3945 713 4009 Hyrcanos
747 3955 773 3996 et
801 3946 887 3995 animo
914 3954 966 3996 tum
993 3943 1141 4008 volvebat,
1161 3959 1239 4011 quum
1261 3943 1330 3994 lorte
1347 3955 1387 4007 pur

300 4030 392 4082 regem
412 4019 572 4065 excitaretur
589 4015 654 4065 illud
671 4017 831 4068 desiderium
846 4017 926 4070 facile
939 4015 1044 4083 reliqua
1057 4016 1152 4080 petitio
1162 4015 1301 4080 impetrari
1319 4027 1387 4080 posse

300 4086 360 4137 visa
381 4092 430 4137 est.
468 4086 563 4160 deinde
585 4085 684 4159 milites
704 4087 893 4152 Byzantiorum
919 4087 994 4138 multi
1014 4087 1119 4154 quidam
1148 4093 1174 4136 et
1192 4085 1325 4136 nobilium
1345 4083 1386 4133 lo-

300 4158 400 4207 minum
420 4172 474 4208 nou
493 4156 570 4222 pauci
591 4171 648 4205 cum
667 4157 839 4209 barbarorum
852 4157 979 4210 militibus
998 4159 1072 4207 mixti
1092 4155 1208 4223 Hyrcani
1230 4155 1315 4207 lilium
1333 4167 1388 4221 pro·

302 4229 433 4284 duxerunt
449 4243 507 4280 eum
519 4226 648 4295 cymbalis
661 4235 687 4280 et
699 4231 829 4297 tympanis
847 4237 873 4280 et
885 4223 955 4296 picto
973 4229 1050 4296 regni
1064 4229 1141 4298 signo
1151 4241 1238 4295 usque
1255 4227 1289 4278 ad
1309 4225 1387 4278 urben
