2926 4906
168 307 392 376 nonomen
414 306 672 374 eremmon
699 307 837 372 xxxiv.
858 285 1047 372 ils-tt.
1106 293 1180 372 453

74 471 166 549 νείας
188 472 314 547 εἰκότως
348 466 385 534 άν
410 495 457 546 τις
479 467 640 534 καλέσειεν
677 465 804 553 ὅρατάς.
857 464 1069 532 attineret
1092 470 1206 529 θεῖον·

73 578 136 638 τοῦ
160 575 306 659 Χριστοῦ
326 574 421 654 σῶμα
443 571 636 655 θεοφάνειαν
658 568 812 651 Μάξιμος
833 565 950 655 ὅρατὴν
971 566 1179 651 ἐπισημαίνε-

72 701 131 740 ται
153 674 256 758 λέγειν
275 671 328 738 τὸν
351 670 451 756 μέγαν
472 671 652 737 Διονύσιον.
694 667 832 755 καὶγὰρ
854 670 909 735 καί
931 665 952 753 ἦ
972 665 1053 731 κατὰ
1073 666 1179 752 σάρκα

71 772 223 860 γέννησις
243 771 342 859 ὅρατη
366 770 542 858 θεοφάνεια
570 767 618 854 ἦν,
648 769 690 846 ὥς
712 772 769 834 καί
789 767 807 834 ά
830 769 930 853 μέγας
953 771 1069 856 φάσκει
1089 769 1120 832 Γ
1121 793 1178 852 ρη-

45 876 198 961 5γάριος,
223 872 338 938 obrutos*
369 876 469 958 λέγων
491 869 551 935 “cci
574 873 609 936 δέ
632 874 686 935 νῦν
709 872 869 957 θεοφάνια
896 868 917 954 ἦ
937 868 1112 953 πανήγυρις
1132 866 1178 932 εἴ-

70 999 152 1060 τουν
174 968 338 1058 γενέθλια·
390 972 514 1058 λέγεται
541 969 602 1057 γάρ
637 972 822 1058 ἀμφότερα·
867 966 967 1051 ὄνομα
990 971 1025 1034 δὲ
1044 969 1090 1055 τῷ
1115 994 1211 1066 psa-¹

72 1077 174 1158 νῆναι
193 1075 251 1156 μὲν
273 1073 451 1160 θεοφάνια,
485 1073 533 1157 τῷ
556 1073 591 1136 δὲ
610 1075 786 1156 γεννᾶσθαι
806 1067 983 1155 γενέθλια.”
1027 1065 1063 1130 οὗ
1083 1068 1181 1150 μόνον

75 1176 124 1252 δέ,
150 1172 233 1238 άλλά
252 1174 307 1238 καὶ
325 1171 364 1238 “o‘
388 1171 541 1258 άάρατος”
564 1172 661 1258 φησίν
680 1169 819 1257 “ὄρᾶται
839 1169 894 1233 καί
916 1166 934 1232 ὅ
958 1164 1097 1252 ἄναρχος
1121 1163 1180 1254 ‹ip-

72 1273 202 1355 χεται,”
223 1273 279 1337 καί
300 1270 361 1338 ὅσα
390 1266 462 1356 ἑξῆς
496 1270 739 1358 φρικωδέστερα
773 1269 832 1352 μέν
856 1270 919 1332 εἰσι
941 1270 997 1332 τοῦ
1017 1265 1073 1352 τὴν
1098 1267 1179 1352 σάρ-

37 1387 179 1442 λοκωσιν
210 1376 267 1437 τοῦ
297 1373 409 1458 κυρίου
442 1371 634 1458 θεοφάνειαν
665 1369 785 1456 άρατην
814 1368 1001 1452 ὀνομάζειν,
1040 1367 1180 1451 ὁμόλογα

76 1477 112 1540 δὲ
156 1480 224 1548 τοῖς
254 1473 465 1559 εάαγγελαιοῖς
501 1472 624 1558 ῥήμασι
651 1478 717 1547 τοῖς
745 1467 786 1535 “o‘
813 1470 904 1556 λόγος
932 1467 1013 1555 σάρξ
1043 1466 1182 1553 ἑγένετο”

75 1574 359 1662 ἀποφαινομένοις.
391 1571 510 1658 σάμῆν
533 1570 676 1638 άκτιστον
700 1570 754 1636 διά
781 1575 872 1638 τοῦτο
895 1570 1029 1653 θεότητα
1048 1567 1104 1653 τὴν
1124 1565 1242 1643 soon

74 1676 192 1761 κυρίου
215 1675 320 1758 σάρκα
343 1672 467 1760 φαμέν,
500 1672 580 1737 άλλά
599 1676 639 1760 τῇ
662 1672 865 1758 προσηκούσῃ
895 1671 1009 1758 γνώσει
1028 1671 1102 1734 νοῦν
1123 1669 1180 1733 καὶ

72 1779 219 1862 γλῶτταν
241 1773 449 1860 ρυθμίζοντες
480 1775 514 1838 ἐκ
545 1778 608 1840 τοῖν
629 1773 754 1860 ὁρατῶν
787 1765 987 1860 θεοφανειυῗν
1019 1767 1100 1856 πρὸς
1122 1768 1179 1852 τὴν

33 1879 136 1951 κητῶν
164 1875 309 1960 ἀοράτων
336 1873 423 1939 ’κατά
458 1875 590 1957 δύναμιν
622 1873 765 1961 οἷγάμεθα
788 1873 924 1950 ἔννοιαν,
949 1871 1005 1936 καὶ
1024 1868 1105 1934 κατὰ
1124 1865 1180 1934 τὸν

74 1981 167 2039 θεῖον
189 1977 290 2038 εἰπεῖν
304 1975 473 2041 Διονύσιον
495 1975 549 2039 ἐπὶ
568 1973 625 2056 τὴν
648 1973 750 2058 ἁπλῆν
763 1976 819 2038 καί
839 1971 1003 2056 ἡνωμένην
1022 1973 1085 2034 τῶν
1102 1993 1177 2053 νοη-

75 2079 139 2140 τῶν
156 2075 329 2158 θεαμάτων
353 2075 506 2158 ἀλήθειαν
531 2074 692 2158 άναλάγως
718 2071 974 2154 άνατεινόμεθα.”
1020 2068 1101 2134 άλλά
1121 2067 1177 2133 καὶ
1244 2133 1248 2142 ,

79 2173 98 2239 ὅ
118 2176 259 2261 μελῳδὸς
281 2174 336 2259 τὴν
358 2176 520 2260 σάρκωσιν
534 2172 642 2257 ’ὖμναῖν
653 2176 711 2238 τοῦ
731 2173 856 2258 κυρίου,
869 2167 1085 2282 ι“θερφανείας
1099 2166 1177 2233 σου”

77 2275 204 2361 φάσκει,
224 2273 378 2360 “Χριστέ,
398 2279 454 2359 τῆς
466 2273 546 2360 πρὸς
558 2272 643 2358 ἡμᾶς
657 2274 839 2356 συμπαθῶς
854 2271 1021 2357 γενομένης
1039 2267 1178 2342 Ἡσαΐας

33 2379 146 2461 σοφῶς
167 2373 245 2462 licia
267 2374 490 2460 έκραάγαζεν.”
544 2375 599 2439 καί
621 2373 729 2450 άπλῶς
760 2370 801 2438 τά
822 2373 855 2463 ἐν
878 2374 960 2436 πᾶσι
979 2375 1104 2455 καιροῖς
1124 2389 1177 2451 γε-
1257 2427 1259 2431 .

71 2476 192 2557 νάμενα
226 2474 281 2539 καὶ
307 2474 457 2559 γινόμενα
490 2474 641 2558 θαύματα
676 2474 801 2539 παλαιά
828 2497 861 2538 τε
889 2472 945 2536 καί
974 2469 1030 2535 νέα
1061 2465 1178 2555 άραταέ

71 2577 265 2661 θεοφάγειαι
291 2574 420 2660 λέγοιντ’
452 2570 489 2640 άν
511 2578 566 2640 καί
593 2575 665 2663 ἱερά
698 2574 986 2658 παραπετάσματα.
1040 2561 1240 2654 opinabor„
1324 2617 1327 2624 ,

72 2675 108 2738 δέ
137 2675 215 2761 περὶ
249 2678 312 2741 ταῖν
339 2676 489 2740 τοιοάτων
523 2675 579 2741 καί
610 2673 736 2751 ὄθεϊος
757 2677 792 2740 έκ
815 2672 994 2756 Δαμάσκου
1011 2669 1175 2754 Ἰωάννης·
1242 2710 1244 2719 1

70 3018 233 3088 buscunque
252 3019 317 3070 dens
340 3025 450 3086 apparet
468 3033 518 3086 per
529 3034 624 3088 magna
635 3019 814 3088 symbolorum
826 3015 963 3084 miracula,
982 3031 1074 3069 omnes
1094 3015 1176 3068 theo.

72 3089 188 3158 phanias
208 3089 306 3140 dixerit
327 3091 386 3157 quis
404 3089 535 3142 visibiles.
582 3091 629 3144 sed
656 3092 733 3143 etiarn
753 3091 779 3144 S.
801 3089 899 3144 Christi
925 3103 1022 3154 corpus
1040 3087 1175 3154 theopba.

71 3162 146 3214 niam
168 3159 304 3212 visibilem
323 3161 414 3214 dicere
443 3177 566 3228 maguum
592 3162 750 3228 Dionysium
770 3163 897 3215 Maximus
923 3161 1032 3212 indicat.
1077 3158 1176 3214 etenim

72 3239 167 3299 partus
186 3245 234 3296 per
254 3245 360 3282 carnem
380 3229 496 3284 visibilis
515 3241 572 3284 erat
589 3232 762 3300 theophania,
781 3241 812 3284 ut
830 3232 879 3284 ille
898 3231 1044 3300 Gregorius
1062 3230 1110 3294 ait,
1129 3233 1175 3286 nbi

71 3305 111 3353 ita
130 3300 269 3368 loquitur:
289 3301 452 3368 theophania
470 3319 541 3354 nunc
554 3303 682 3368 laudatio,
701 3304 720 3356 i.
741 3321 764 3356 e.
783 3305 923 3368 nativitas3
943 3311 1084 3371 utrumque
1105 3305 1175 3355 enirn

72 3373 192 3436 dicitnr,
217 3371 380 3439 theophania
407 3377 587 3446 κφάνηναι,
613 3375 645 3426 ab
663 3376 738 3427 nasci
756 3377 892 3427 nativitas.
934 3389 985 3425 nec
1005 3373 1057 3424 boc
1078 3371 1174 3451 solum,

73 3458 170 3496 verum
191 3443 269 3494 etiarn
290 3443 435 3496 invisibilis
455 3448 618 3514 conspicitur
638 3455 672 3511 et,
693 3448 737 3514 qui
765 3446 869 3497 initium
887 3460 941 3497 non
962 3444 1052 3508 hebet,
1071 3444 1175 3498 initium

72 3515 157 3580 cupit.
195 3521 222 3564 et
239 3529 307 3582 quae
326 3530 406 3580 porro
426 3517 533 3569 duriora
552 3526 613 3570 sunt
632 3533 707 3585 quem
733 3517 942 3569 incarnationem
962 3515 1059 3567 domini
1078 3515 1175 3568 visibi.

71 3585 127 3637 lem
147 3578 336 3650 theophanium
358 3587 506 3654 appellare,
527 3588 624 3639 similia
641 3589 675 3638 iis
695 3587 831 3656 evangelii
850 3585 941 3640 verbis
960 3601 1044 3656 quae:
1064 3593 1090 3636 et
1108 3601 1174 3640 ver.

70 3656 135 3708 burn
156 3669 218 3707 caro
238 3656 404 3721 factumest,
425 3659 575 3709 ostendunt.
596 3674 684 3728 neque
713 3660 781 3710 enim
800 3659 945 3709 increatum
965 3657 999 3708 ob
1019 3657 1088 3709 banc
1108 3673 1174 3710 cau.

71 3743 129 3778 sunt
149 3725 276 3777 deitatem
294 3727 394 3778 domini
414 3743 519 3780 carnem
539 3729 659 3792 dicimus,
678 3730 724 3780 sed
744 3729 775 3780 ad
792 3736 878 3794 uptam
897 3729 1078 3795 cognitionem
1096 3745 1175 3780 men.

70 3805 126 3848 tem
147 3804 175 3848 et
193 3795 310 3864 linquam
328 3799 523 3867 coniungentes
540 3814 573 3849 ex
591 3798 744 3851 visibilibus
763 3798 933 3865 theophaniis
947 3799 978 3849 ad
997 3798 1174 3851 invisibilium

71 3882 122 3935 pro
143 3866 245 3920 viribus
265 3871 364 3921 nostris
384 3869 565 3938 cognitionem
577 3871 697 3921 ducimur
717 3876 744 3920 et
756 3876 785 3919 ut
798 3869 825 3922 S.
837 3869 982 3935 Dionysius
999 3870 1037 3920 ait
1055 3871 1087 3921 ud
1106 3871 1173 3922 sim.

70 3938 173 4005 plicern
193 3947 220 3988 et
237 3939 384 4004 perlectam
406 3939 582 4008 spiritualium
602 3938 854 4007 contemplationum
871 3939 1011 3992 veritatem
1029 3956 1078 4007 per
1096 3942 1174 3992 simi.

71 4008 214 4060 litudinem
235 4011 370 4076 erigimur.
408 4019 488 4078 pocta
506 4012 716 4062 incarnationem
735 4012 832 4062 domini
852 4009 1008 4062 celebrans:
1037 4010 1172 4078 theopbn.

71 4081 141 4130 niae*
154 4087 234 4142 tuae,
255 4079 376 4144 christe,
393 4083 495 4150 inquit,
526 4097 594 4150 quae
613 4097 661 4148 per
685 4082 895 4134 mirericordiam
918 4083 987 4134 iacta
1007 4090 1062 4146 est,
1081 4081 1171 4133 lumen

73 4166 153 4218 quum
173 4151 286 4202 vidisset
302 4151 387 4205 isaias
402 4152 573 4205 exclamavit.
607 4161 688 4220 atque
706 4151 833 4205 miraculo
853 4154 982 4221 cuiusque
999 4153 1126 4220 temporis
1146 4159 1173 4202 et

73 4223 183 4290 antiqua
202 4228 229 4272 ct
248 4235 319 4274 uovs
338 4231 463 4290 poterunt
482 4223 604 4277 visibiles
626 4223 807 4292 theophaniae
825 4225 956 4306 nouinnri
984 4234 1011 4278 et
1033 4239 1108 4278 sacra
1126 4223 1172 4278 iu-

1185 4306 1191 4336 Ι

182 4347 189 4374 i
