2910 4896
185 347 406 416 nrsxoxms
432 342 692 412 xxzxurxuun
709 349 802 412 xxx.
826 326 896 414 oo.
934 327 1004 412 28.
1078 335 1152 410 285

81 533 136 572 ναι·
175 511 248 574 ον’δὲ
272 508 334 593 γὰρ
368 508 461 594 φύσει
493 517 558 586 τοῖς
578 506 744 592 πράγμασι
775 506 814 572 ui
838 507 990 587 ὀνόματα,
1016 507 1069 570 ναί
1089 500 1153 588 μὴν

78 609 137 672 ον’ίὲ
158 609 261 694 φύσις,
287 605 366 672 cilici
389 607 479 688 κατὰ,
493 609 653 696 συνθήκην
676 609 730 674 udi
742 610 932 695 σομφωνιόιν
953 607 1080 688 α’νδρῶν
1093 628 1174 682 σιω,

77 714 152 773 anniv
165 709 374 793 ἐπιγίγνονται
392 720 456 788 τοῖς
474 709 657 793 πράγμασιν
672 707 912 794 οἰσημαντικοί
925 713 987 773 τῶν
1006 702 1152 792 πραγμά-

76 835 124 874 τοιν
137 799 342 896 προοὴγορίοιι
364 811 441 876 sarci
465 811 520 876 τὸν
545 815 700 876 Ννσοαέα
721 815 751 876 Γ
750 810 905 894 ρηγόριον.

13 935 14 940 ’
57 917 69 969 5
155 917 215 978 Δεῖ
233 911 292 995 γιίρ
326 911 361 976 ἔτι
394 938 427 976 τε
459 915 521 977 ταῖν
554 908 717 994 ἡμετέρων
741 911 796 974 καί
827 907 895 990 ἅμα
919 913 981 977 τῶν
1004 906 1217 993 θύραθεν..

12 1069 13 1072 ,
74 1017 175 1096 σοφοῖν,
196 1018 355 1098 σύμφωνα
380 1016 605 1100 φθεγγομένων
630 1016 663 1076 ἐν
682 1021 751 1087 ταῖς
773 1016 834 1078 τῶν
858 1012 958 1093 λόγων
978 1011 1272 1094 incompto-Mida

12 1141 13 1146 ¹
73 1124 155 1190 ιικαῑς
184 1115 381 1197 ἀκριβείαις,
409 1119 451 1200 τῷ
474 1114 599 1194 α’μαθεῖ
624 1114 679 1195 τήν
703 1113 913 1195 προπαι’δειοὶν
934 1125 983 1178 σοι
1006 1112 1061 1194 τῆς
1082 1135 1151 1176 τοι-

75 1213 154 1297 αύτης
176 1212 348 1298 προσάγειν
377 1217 596 1298 διδασκαλίας,
618 1215 661 1288 οἷς
683 1210 723 1278 τίν
751 1208 834 1278 οὕτω
857 1217 1066 1298 δυνηθείημεν
1088 1215 1150 1294 dpt

12 1335 13 1372 1
73 1315 132 1393 γοῦν
149 1320 342 1380 καθικέσθαι
363 1322 418 1401 τῆς
441 1319 566 1398 σαθροῖς
590 1319 645 1380 καί
666 1314 889 1399 α’μαθεστοὶτιγς
918 1338 976 1378 σου
999 1315 1149 1388 διανοίας.

45 1424 159 1498 λλτιῖχος
179 1414 278 1499 γάρό
306 1422 405 1500 μέγας
437 1412 525 1482 εἶναι’
544 1443 623 1502 φησι
651 1423 822 1490 Βασίλειος
851 1423 916 1489 τοῖς
942 1417 1076 1497 δόγμασι
1098 1418 1150 1496 τῆς

72 1522 121 1580 τῶν
140 1519 284 1600 θύραθεν
316 1517 489 1602 ἐπιστήμης
519 1519 576 1601 τὴν
600 1515 745 1598 δύναμιν,
779 1510 837 1581 οὖν
858 1519 961 1581 εἰόσαν
984 1516 1063 1579 edroi
1085 1521 1150 1592 τοῖς

73 1621 261 1698 βουλομένοις
283 1619 429 1684 είοὶλωττί
444 1644 477 1683 τε
494 1623 548 1682 καί
569 1617 789 1701 ειίδιιίρπαστιι
816 1621 971 1702 γίνεσθαι.
1013 1615 1066 1680 καί
1087 1608 1151 1679 οδ-

71 1719 112 1790 θις
127 1716 141 1780 ὁ
159 1722 247 1793 θεῖος
274 1720 505 1801 Χροοόστομος
520 1714 617 1783 “ὁ’ταν
638 1723 713 1803 περί
733 1717 897 1800 δόγματα”
918 1719 1000 1802 φησί
1012 1716 1110 1801 (νοσῇ
1131 1714 1150 1798 ἦ

73 1815 149 1898 ψνγῆ
174 1816 211 1882 τοὶ
236 1818 329 1901 νόθα,
353 1817 451 1902 πολλι)
474 1821 533 1883 τοῦ
556 1815 649 1902 λόγον
672 1822 812 1884 ἐνταῦθα
839 1817 857 1901 ἦ
876 1821 983 1900 χρεία,
1010 1817 1049 1879 ου’
1071 1813 1150 1896 πρὸς

43 1913 117 1997 liris
136 1921 196 1982 ruis
218 1920 341 1984 οἰκείων
364 1918 544 2004 α’σφοίλειαν
558 1923 664 2002 μόνον,
697 1917 776 1984 α’λλιὶ
804 1923 859 1983 καί
881 1917 959 1999 πρὸς
979 1914 1054 1991 τούς
1073 1913 1150 1994 ἔξω·

71 2021 118 2078 θεν
144 2019 331 2099 πολέμους.”
383 2024 438 2084 κατ’
456 2015 553 2096 αὖθις
576 2023 592 2084 ὁ
617 2027 704 2095 θεῖος
728 2020 879 2099 Μάξιμος
908 2014 1006 2099 ιιδίγα
1027 2019 1151 2099 λογικῆς

71 2115 219 2198 δυνάμεως
241 2119 485 2206 interponentis
505 2123 587 2206 (ppei
598 2117 735 2203 (γνῶσις
751 2121 808 2182 οὐκ
830 2117 918 2203 ἔστι,
939 2116 993 2180 καί
1007 2115 1149 2198 γνώσεως

70 2223 156 2302 χωρίς
176 2221 214 2282 ον’
232 2227 419 2287 συνίσταται
441 2221 573 2298 πίστις.”
615 2217 692 2306 ὁρᾷς
710 2219 745 2286 τό
766 2224 831 2284 τῶν
852 2223 916 2284 σῶν
936 2218 1150 2302 βλασφημιῶν

71 2316 166 2400 αἴτιον,
197 2316 365 2402 ἄνθρωπε·
419 2325 513 2388 ον’δὲν
547 2321 610 2406 γὰρ
638 2320 747 2403 ἕτερον
778 2316 799 2403 ἢ
825 2313 949 2392 ποίντοος
983 2317 1002 2400 ἦ
1029 2314 1150 2380 τούτων

41 2411 187 2502 sulpura,
216 2428 297 2505 λέγω
327 2424 366 2506 δὴ
393 2422 449 2506 τήν
480 2428 541 2487 τοῖν
566 2423 713 2504 θύραθεν
735 2421 789 2485 καί
815 2425 879 2487 τῶν
901 2419 1063 2504 ἡμετέρων
1085 2410 1153 2498 ίίμιι

71 2525 168 2605 σοφοῖν
195 2527 249 2588 καί
277 2523 435 2607 θεολόγων
470 2526 596 2607 ἀνδρῶν
629 2521 812 2608 ἐπιστήμην.
862 2515 900 2608 ἢν
929 2517 1101 2604 ἀγνοοῦντα
1117 2542 1153 2586 σε

72 2622 118 2684 νῦν
137 2625 211 2706 γοῦν
232 2626 429 2710 διδαχθῆναι
450 2622 554 2710 χρεών
575 2627 730 2689 ἐνταυθοῖ
746 2629 820 2710 παρ’
841 2622 941 2708 ἡμῶν.

72 2937 207 2991 nominibus
227 2946 254 2990 et
272 2937 363 2990 verbis
378 2938 463 3002 mixti,
482 2937 654 3006 nequeenim
672 2927 767 3007 gignet
784 2936 864 3004 rebus
881 2935 988 2987 nomina
1002 2934 1060 2987 ullo
1075 2934 1153 2988 modo

72 3020 100 3056 ne
115 3018 202 3062 natura
221 3011 337 3078 quidem,
357 3009 404 3061 sed
424 3026 457 3061 cx
479 3009 668 3061 convenientia
690 3017 717 3060 ct
736 3009 914 3061 consensione
933 3007 1066 3058 hominum
1086 3021 1152 3073 pru.

71 3077 163 3213 pcyntum
187 3083 308 3135 oriuntur
336 3082 415 3134 rebus
436 3082 543 3133 nomina
573 3096 616 3133 res
639 3080 817 3150 significantia
844 3080 987 3133 secundum
1009 3079 1153 3147 Gregoram

106 3167 210 3205 ssaeum.

154 3251 200 3304 Est
230 3253 302 3303 enim
329 3264 396 3318 opus
422 3269 436 3303 e
465 3252 612 3320 sapientum
639 3251 685 3319 qui
714 3250 782 3317 apud
807 3264 855 3300 nos
883 3257 909 3300 et
936 3248 1004 3317 apud
1025 3235 1151 3299 externos

74 3329 124 3372 snnt
142 3322 371 3375 consentientibus
388 3325 416 3372 in
435 3323 571 3374 literarum
592 3321 740 3373 subtilitate
757 3323 835 3373 dictis
853 3321 900 3372 tibi
913 3320 1045 3372 inerudito
1068 3319 1153 3370 addu-

73 3405 125 3442 cere
142 3395 370 3462 praeparationem
385 3394 513 3444 eiusmodi
534 3394 718 3457 institutionis,
740 3401 769 3443 ut
783 3393 834 3444 hoe
849 3393 927 3443 modo
942 3392 1072 3458 possimus
1092 3397 1153 3441 tan.

72 3459 119 3512 dem
143 3465 284 3533 aliquando
310 3473 421 3528 tangere
452 3472 566 3516 mentem
603 3472 673 3514 tuam
706 3464 826 3516 obtusam
857 3471 883 3514 et
911 3463 1172 3514 ineruditissimam

72 3545 157 3586 morum
175 3539 245 3588 enim
266 3538 415 3604 dogmatum
435 3535 550 3587 Basilius
569 3550 679 3603 magnus
700 3551 758 3587 esse
779 3536 843 3586 dicit
863 3543 1031 3585 externorum
1051 3533 1153 3584 doctri-

71 3609 195 3672 ταινίαι,
215 3623 286 3675 quae
305 3623 359 3659 non
379 3609 448 3660 sinat
468 3622 498 3657 ca
524 3621 539 3656 a
558 3606 679 3673 quolibet
705 3606 834 3672 exagitari
855 3613 881 3656 et
905 3606 993 3670 diripi,
1015 3612 1041 3655 ct
1061 3617 1152 3655 rursus

73 3673 263 3742 chrysostomus
290 3680 407 3731 divinus.
451 3693 508 3728 cnm
537 3693 570 3728 ex
594 3678 739 3744 dogmatis,
770 3677 873 3744 inquit,
902 3683 1023 3742 aegrotat
1050 3677 1151 3725 animus

73 3749 165 3813 spuriis,
184 3759 239 3801 tum
261 3765 374 3816 magnus
392 3749 528 3800 literarum
551 3755 592 3799 est
612 3763 689 3811 usus,
715 3763 769 3798 non
796 3747 882 3798 solnm
902 3745 1152 3797 contra-infirmita-

55 3821 115 3865 stam
131 3821 300 3872 domesticam
321 3822 366 3871 sed
388 3822 465 3871 etiam
486 3827 579 3870 contra
599 3819 726 3870 tumultus
747 3827 890 3870 externos:
912 3825 939 3868 et
956 3833 1047 3868 rursus
1065 3816 1152 3868 maxi-

73 3900 119 3938 mus
135 3891 260 3956 divinus,
290 3893 348 3944 sine
368 3891 503 3942 literarum
532 3892 576 3954 vi,
596 3891 697 3956 inquit,
716 3905 770 3940 nou
790 3892 874 3941 oritur
892 3904 957 3940 vera
977 3889 1105 3956 cognitio,
1126 3892 1154 3936 et

74 3957 121 4009 sinc
138 3964 292 4030 cognitione
308 3977 360 4014 non
382 3964 505 4015 consistit
523 3963 597 4013 fides.
646 3961 721 4010 vides
741 3961 791 4011 iam
816 3960 1031 4011 maledictionum
1050 3967 1152 4010 tuarum

74 4041 173 4096 causam,
192 4035 288 4098 amice,
309 4033 362 4084 aliu
382 4035 451 4084 enim
475 4042 515 4084 est
532 4029 607 4082 nulla
633 4045 708 4098 quam
734 4033 840 4082 omnino
866 4031 1016 4098 ignorantia
1035 4029 1152 4092 illorum,

74 4096 122 4150 dieo
141 4106 264 4155 nimirum
283 4106 401 4155 virorum
421 4106 466 4172 qui
485 4105 553 4170 apud
574 4109 698 4154 externos
720 4111 747 4153 et
765 4104 832 4169 apud
857 4117 906 4154 nos
925 4110 986 4152 sunt
1004 4103 1152 4167 sapientum

75 4175 96 4217 et
114 4173 139 4224 in
166 4191 209 4227 res
237 4176 339 4226 divinas
365 4178 553 4243 inquirentium
578 4173 739 4237 doctrinam,
766 4187 843 4242 quam
872 4189 930 4224 cum
954 4174 1062 4240 ignores
1081 4183 1152 4222 nune

74 4240 155 4296 saltem
174 4247 312 4299 edocearis
328 4262 442 4301 necesse
462 4255 503 4300 est
529 4247 572 4298 hic
591 4261 608 4296 a
623 4243 710 4296 nobis.
