2910 4896
275 329 352 402 ατο
572 301 802 402 'numanum
829 328 1059 398 caucum

240 501 336 568 ιτού
366 492 426 580 γάρ
450 497 645 577 ἐρεθίζοντος
673 499 730 560 καί
750 491 858 580 μάχην
891 497 1014 560 ἐκεῖθεν
1035 486 1204 556 ἀντίπαλον
1223 493 1370 555 αὐιστάν-

277 623 331 674 τος
354 597 412 661 ούκ
449 589 538 673 δντος
568 594 601 661 ἐν
625 597 807 684 ὀφθαλμοῖς
836 595 925 678 ἡμῶν
957 597 1096 684 α’φανείφ
1118 597 1368 674 κεκαλυμμένων,

277 699 461 765 παύσεσθαι
482 697 516 762 τύ
539 696 710 780 νεμόμενον
734 700 788 781 τῆς
810 697 886 760 καθ’
913 696 1003 779 ήμῶν
1022 700 1135 770 κακίας
1157 694 1277 784 φ’ήθην.
1299 687 1369 757 ὅθεν

276 799 386 882 ἐπειδή
406 806 470 874 τοῖς
501 793 610 876 άλλως
638 799 852 881 παραινούντί
872 821 926 878 μοι
950 819 1026 870 τους
1048 799 1256 876 πειθομένους
1276 789 1369 878 ἥκιστ’

274 898 363 984 ἔχειν
384 902 479 986 ένήν,
514 900 551 967 τά
579 911 647 968 κατ’
679 901 816 985 ε’μαυιδν
846 905 972 969 ἐποίουν
1001 901 1109 980 αύτός.
1153 899 1296 986 θόρυβον
1314 905 1389 984 piei

275 1001 337 1086 yde
360 1000 392 1082 ἐξ
412 1004 540 1088 εἰρήνης
573 1001 685 1092 ῥηίδιον
717 1005 770 1068 καί
802 1013 867 1080 τοῖς
901 1001 1111 1090 φαυλοτάτοις
1135 1003 1190 1068 καί
1211 1003 1369 1085 βάναυσον

277 1094 391 1186 dynvas
411 1103 482 1185 βιόν
503 1113 616 1182 ποιεῖν,
635 1103 669 1170 ἐκ
693 1107 727 1170 δὲ
742 1107 893 1189 θορύβων
913 1107 1041 1190 εἰρήνην
1065 1099 1141 1170 ούδέ
1158 1113 1224 1180 τοῖς
1245 1105 1367 1189 σφόδρα

276 1213 416 1280 συνετοίς
446 1206 534 1287 μάλα
562 1230 593 1271 τι
622 1200 745 1272 εύοδον.
803 1205 837 1271 τύ
869 1210 929 1288 μὲν
959 1209 1021 1290 γάρ
1053 1206 1226 1295 αι’τονομίηι
1248 1208 1368 1292 φύσεως

278 1299 437 1390 άμεται,ή
463 1303 617 1392 δὲφύσις
640 1298 773 1372 άτακτον
792 1311 848 1372 καί
867 1306 1034 1386 α’ναάμαλον
1056 1305 1260 1393 ὡμολόγηται
1283 1301 1367 1372 εἶδον

275 1405 310 1473 τύ
333 1411 367 1474 δὲ
404 1409 534 1496 παιδείηι
563 1410 618 1472 καί
638 1413 764 1472 συνέσει
785 1411 1018 1494 βεβουλευμένῃ
1051 1412 1104 1473 καί
1122 1409 1272 1494 σώφροσι
1291 1416 1402 1490 λαμ-10

273 1519 367 1592 σμοῖς
389 1511 570 1587 οίακίζτται.
613 1501 689 1572 ὅθεν
711 1509 746 1573 τύ
768 1514 828 1591 μὲν
849 1509 903 1573 καί
917 1506 973 1584 τάς
993 1509 1050 1573 ούκ
1068 1503 1166 1584 ούσας
1180 1505 1368 1574 ἀναπλάττει

224 1674 237 1700 s
275 1610 463 1695 προφάσεις,
487 1611 603 1694 ε’φδδια
624 1613 754 1695 πορίζον
778 1620 847 1687 ταῖς
869 1609 1011 1694 μάχαις·
1054 1609 1090 1673 τά
1114 1612 1150 1676 δὲ
1170 1607 1226 1674 καί
1245 1602 1368 1683 τάςού-
1446 1675 1447 1692 2

276 1737 335 1788 σας
359 1708 517 1791 ἐκτέμνειν
538 1712 697 1796 πειρᾶται,
721 1711 867 1796 καθάπερ
891 1710 1000 1797 ἰατρὸς
1022 1711 1083 1796 πρά
1103 1713 1160 1794 τής
1180 1712 1320 1796 βλάστης
1339 1713 1368 1775 έν
1446 1719 1447 1748 l

275 1815 316 1898 τῇ
347 1810 419 1896 ῥίζῃ
455 1807 513 1894 τήν
536 1815 713 1893 θεραπείαν
731 1808 936 1895 τεχνύμενος.
980 1815 1049 1878 inei
1073 1815 1108 1876 dl
1130 1815 1185 1876 κατ’
1205 1812 1368 1898 α’φορισμῷ
1446 1819 1447 1836 ²

274 1915 440 1992 Παλαμοῖν
455 1908 536 1991 μετά
555 1915 610 1994 τής
632 1911 733 1975 αύτού
752 1915 914 1996 φρατρίας
929 1909 1053 1996 ἁπάσης
1070 1910 1126 1977 καί
1134 1916 1289 2002 χειρισμῷ
1299 1913 1369 1976 θεοῦ
1377 1929 1401 1982 15
1446 1925 1447 1952 ³

274 2015 578 2096 καθοποβεβλῆσθαι
597 2015 776 2095 συμβέβηκε
793 2016 882 2078 δυοῖν
901 2019 1108 2098 πατριαρχοδν
1127 2014 1180 2079 καὶ
1195 2008 1279 2079 dioro
1298 2013 1369 2076 διτύ-
1446 2023 1447 2038 l

273 2136 325 2178 σοι
336 2117 509 2198 τηνικαῦτα
526 2117 673 2198 παρῆσαν
688 2119 750 2179 τοῖν
766 2117 953 2197 ἐπισκόπων,
979 2113 1026 2180 ἔτι
1046 2119 1166 2196 μᾶλλον
1188 2116 1317 2201 ε’μαυτηῖ
1334 2110 1366 2178 τά
1446 2123 1447 2176 l

187 2221 192 2232 '
273 2217 327 2298 τής
350 2217 488 2300 ἡσυχίας
503 2215 734 2301 πορῄνουν’και’
752 2212 937 2299 ἐπεκύρουν,
957 2215 1075 2300 ταύτης
1087 2217 1186 2299 μάνης
1200 2212 1236 2281 τὸ
1262 2215 1368 2304 ῥᾷστον

274 2316 409 2400 ἐχούσης
430 2323 486 2380 καί
505 2308 634 2399 εὔλογον
646 2319 702 2400 τῆς
721 2320 783 2382 τῶν
798 2313 942 2401 βεβήλων
958 2323 1119 2403 φρατρίας
1139 2317 1194 2380 καί
1209 2320 1366 2389 κοινωνίας

237 2418 420 2491 σε’πιεικῶς
446 2419 596 2502 α’φιστᾶν.
651 2411 711 2502 ήδη
741 2422 776 2483 δὲ
808 2418 862 2482 καί
883 2418 1021 2502 διωγμὸν
1045 2420 1249 2504 α’νερρίπισεν
1279 2417 1401 2499 dequeo

275 2519 441 2602 ἐκκλησίας
467 2517 605 2601 χειμοάν,
625 2523 680 2584 καί
697 2521 846 2604 διωγμῶν
874 2517 930 2585 τάν
961 2523 1216 2608 φρικωδέστατον
1234 2522 1291 2586 καί
1310 2522 1366 2602 βα-

275 2835 384 2876 ιιοτεωι
404 2820 450 2889 qui
470 2826 559 2874 aumas
578 2833 739 2890 quocunqne
758 2822 837 2874 modo
856 2823 939 2890 partis
957 2821 1077 2876 melioris
1096 2822 1231 2877 amnicae
1248 2821 1293 2887 sit,
1313 2833 1366 2873 eun
1446 2865 1447 2876 ,

277 2894 382 2962 perpeti
400 2907 444 2945 res
461 2893 634 2945 miseratione
653 2893 746 2963 dignas
767 2903 793 2946 et
820 2895 927 2946 auferre
947 2908 1023 2947 εοεαε
1042 2895 1169 2964 tragicos.
1214 2895 1365 2963 optimorum
1446 2893 1447 2902 ’

277 2981 337 3018 esse
367 2965 432 3016 mihi
453 2965 538 3017 visum
560 2973 616 3030 est,
646 2965 816 3032 tranquillam
840 2966 977 3034 praeferre
995 2968 1095 3032 uitam,
1113 2967 1217 3018 theatro
1240 2965 1365 3018 ecclesia-

276 3039 343 3090 stico
363 3036 469 3088 relicto.
514 3052 572 3089 eum
597 3037 667 3088 enim
690 3038 735 3105 qui
753 3038 870 3090 irritaret
896 3045 923 3088 et
949 3053 1062 3105 pugnam
1089 3039 1238 3106 oppositam
1264 3037 1314 3089 bac
1339 3046 1365 3084 re

276 3110 422 3172 excitaret,
456 3113 518 3159 ante
544 3108 638 3160 oculos
657 3116 762 3160 nostros
787 3117 1030 3174 conversaretur,
1056 3111 1155 3177 quippe
1183 3111 1227 3177 qui
1254 3104 1364 3160 tenebris

275 3179 391 3232 involuti
411 3194 546 3244 essemus,
565 3179 689 3246 putabam
715 3180 773 3233 lore
792 3191 822 3233 ut
840 3197 900 3248 pars
928 3182 1059 3233 adtributa
1086 3181 1244 3232 calamitatis
1264 3187 1364 3231 nostrae

276 3252 423 3303 desineret.
461 3253 631 3316 quamobrem
651 3253 714 3318 quia
731 3254 839 3305 minime
858 3254 963 3316 accidit,
983 3260 1013 3304 ut
1031 3252 1095 3303 mibi
1115 3253 1160 3319 qui
1179 3251 1240 3304 aliis
1260 3247 1365 3304 consilia

276 3323 365 3374 darem
386 3322 458 3373 dieto
477 3322 615 3374 audientes
636 3331 745 3387 essent,
764 3325 822 3391 ipse
842 3325 932 3376 cilicia
956 3339 1014 3376 mea
1035 3325 1212 3390 praestabam.
1249 3337 1308 3374 nana
1324 3328 1364 3370 tu·

275 3391 384 3444 multum
405 3407 504 3458 epace
523 3393 613 3446 iacere
633 3395 712 3446 etiam
731 3395 881 3448 bominibus
902 3397 1024 3462 pessimis
1042 3395 1197 3463 vilibusque
1219 3395 1299 3446 lacile
1320 3396 1366 3452 est3

277 3479 291 3514 e
309 3463 425 3514 tumultu
451 3472 538 3516 autem
557 3481 650 3532 pacem
680 3466 841 3533 conciliare,
859 3483 894 3519 nc
913 3468 1050 3518 admodum
1074 3466 1249 3534 prudentibus
1269 3463 1365 3533 quidem

275 3535 398 3602 prolecto
418 3543 459 3587 est
477 3545 616 3602 promtum.
655 3537 767 3588 alterum
785 3541 854 3590 enim
873 3539 983 3591 arbitrio
1001 3547 1112 3590 naturae
1131 3539 1235 3606 agitur:
1255 3544 1365 3588 namnum

276 3613 364 3659 autem
395 3607 524 3658 turbidam
556 3616 583 3659 et
613 3608 766 3660 mutabilem
791 3627 851 3664 esse
880 3618 1000 3662 constat:
1024 3611 1136 3662 alterum
1165 3610 1323 3661 humanitate
1342 3607 1365 3652 ei

278 3676 392 3730 consilio
413 3679 527 3744 sapienti
550 3687 576 3730 et
603 3681 685 3731 cautis
710 3680 948 3734 deliberationibus
974 3682 1185 3733 administretur:
1205 3677 1365 3748 quamebrem

275 3747 343 3800 illud
363 3749 441 3800 etiam
460 3751 535 3802 fictas
565 3753 701 3819 excogitat
732 3769 840 3818 causas,
871 3753 1002 3821 praebens
1029 3753 1146 3806 subsidia
1175 3751 1299 3819 proellis:
1318 3747 1363 3797 11⁰0

279 3834 355 3871 veras
375 3835 482 3888 qaoque
503 3820 602 3872 tollere
622 3831 750 3888 conetur,
769 3833 800 3876 ut
817 3827 935 3877 medicus
955 3840 1009 3876 uun
1033 3827 1061 3875 iu
1078 3838 1150 3875 ramo
1172 3823 1219 3874 sed
1239 3818 1364 3874 inradies

277 3891 442 3942 curationem
464 3907 617 3960 aggressus.
656 3903 793 3964 postquam
813 3905 901 3949 autem
921 3896 1034 3959 accidit,
1054 3904 1084 3946 ut
1100 3895 1220 3948 l'alamas
1242 3907 1298 3945 cum
1315 3895 1364 3940 tata

276 3961 379 4014 familia
398 3977 445 4013 sua
465 3971 491 4014 et
509 3964 731 4018 determinatione
758 3976 784 4019 et
809 3971 980 4036 separatione
1004 3968 1095 4019 divine
1120 3966 1302 4021 succumberet
1319 3973 1363 4026 pe·

276 4033 400 4086 triarchia
421 4033 522 4086 dnobus
552 4044 578 4087 et
603 4038 744 4102 omuibus,
765 4049 895 4109 quotquot
918 4049 972 4090 tum
993 4040 1103 4091 aderant
1123 4039 1271 4106 episcopis,
1288 4029 1362 4084 multo

275 4107 360 4172 magis
380 4105 600 4173 tranquillitatem
619 4109 762 4175 probabam
783 4121 810 4163 et
839 4111 1029 4174 nanciscebar,
1049 4113 1150 4180 quippe
1168 4125 1236 4178 quae
1254 4105 1308 4161 sola
1326 4102 1362 4184 le-

277 4176 404 4230 cultatem
423 4179 598 4234 strationem
617 4181 758 4248 praeberet
777 4183 974 4236 haereticorum
993 4183 1093 4234 familia
1114 4191 1140 4234 et
1160 4183 1288 4236 societate
1305 4182 1361 4229 told

276 4249 437 4306 abstinendi.
473 4251 610 4306 ianuam
642 4255 846 4310 insectationem
871 4255 994 4309 accendit
1022 4254 1157 4312 ecelesiae
1176 4260 1321 4324 tempestat,
1340 4249 1362 4296 θ
