2880 4910
235 297 311 370 aso
539 245 765 368 arumnonr
795 229 1025 364 concolor

240 468 491 549 ρεισενέγκαντες
505 464 539 528 τὸ
563 464 665 527 orituri
677 486 713 546 γε
735 463 922 544 ἐπέγραψαν
943 450 1056 538 ὄνομα,
1079 453 1259 537 ἀνέγκλητος
1279 452 1330 532 μὲν

215 565 328 654 Ιἔσται
349 567 453 646 αότός,
476 561 515 630 τά
540 565 575 628 δδ
594 564 704 646 βιβλία
725 555 764 626 οό
775 587 783 605 ·
827 565 857 628 εἰ
879 563 908 626 δ’
931 560 1032 626 edroi
1052 558 1097 644 τῷ
1119 547 1185 619 όντι
1204 554 1331 635 βεβαίως

238 669 340 748 εἰσίν,
359 665 444 748 ἐμοῦ
474 673 538 742 τοῖς
565 669 701 749 βιβλίοις
724 659 787 749 άρα
806 656 985 749 ἀπόβλητος
1007 657 1181 745 καίμότός
1203 659 1255 719 καί
1274 659 1332 727 τοῖς

239 760 346 841 άλλεις
368 765 537 852 αἱρετικοῑς
563 767 759 850 ἐναριθμιος.
1420 831 1421 844 1

173 885 228 938 n
342 865 507 934 Τεοοότων
530 861 585 932 oin
602 869 656 933 καί
676 862 759 932 οὕτω
780 872 937 951 μεγέθους
958 866 1105 947 ἀσεβείας
1125 858 1264 945 ἐχόντωη
1284 853 1352 926 λε’-5
1420 851 1421 902 l

239 995 303 1055 ymo
325 966 475 1052 αότὴκοος
510 964 526 1031 ὃ
552 972 583 1034 Γ
582 975 720 1054 ρηγοράς
746 967 880 1052 γεγονώς
903 964 1032 1053 σφόδρα
1055 988 1090 1029 τε
1109 962 1267 1043 ,ἐξεπλάγη
1287 960 1334 1021 καί

242 1063 370 1158 ἄφωνος
413 1067 536 1152 ἔμεινεν
571 1064 650 1154 άχρι
683 1071 737 1133 καί
768 1068 800 1143 ἐς
831 1063 916 1152 άρας
949 1063 1073 1150 μακράν
1104 1091 1135 1130 τι
1167 1061 1332 1142 διάστημα.
1420 1093 1421 1104 ι

242 1169 349 1236 ἔπειτα
371 1173 480 1252 θυμοῦ
494 1168 674 1256 ’καέ’ζη’λου
697 1173 790 1237 θείου
810 1168 929 1250 μεστός
948 1164 1084 1252 γεγονοός
1105 1162 1225 1241 τοιάδε,
1247 1187 1333 1245 στρα-

243 1273 314 1358 φείς
335 1271 415 1357 πρὸς
435 1270 491 1337 τόν
515 1269 794 1356 Κανταιιουζηνόν,
828 1271 918 1356 φησί.
974 1273 1006 1340 τί
1027 1291 1091 1350 μου
1114 1265 1148 1334 τό
1167 1269 1269 1349 γῆρας
1287 1261 1335 1324 orla

242 1374 298 1460 ἐᾷς
322 1374 468 1456 ἠρεμεῖν,
491 1373 560 1438 dtt'
589 1373 806 1454 ἐπιβουλεύεις
826 1369 896 1453 άεί,·
917 1373 955 1436 τί
970 1393 1011 1453 με
1033 1378 1103 1444 ταῖς
1122 1375 1196 1442 σαῖς
1215 1366 1265 1430 ist
1286 1385 1367 1445 pes-10

242 1477 339 1559 ρι’ζων
361 1471 523 1556 αἱρέσεσιν
544 1476 601 1538 ουίι
623 1471 797 1559 ἐνάρκησας
819 1474 889 1536 oa'd'
910 1473 972 1556 όψέ
991 1475 1048 1554 τῆς
1070 1471 1195 1554 ἡλικίας
1215 1467 1267 1551 τῆς
1287 1467 1337 1545 σῆς
1421 1532 1422 1538 χ

244 1574 299 1640 καί
318 1575 373 1658 τῆς
393 1575 448 1639 νόν
469 1573 705 1657 βαρυδαίμονος
726 1571 844 1658 τόχηςς
875 1575 910 1639 τί
933 1577 966 1654 μ’
996 1565 1102 1636 ἄλλοτ’
1136 1565 1272 1634 ἄλλοθεν
1299 1561 1336 1638 tlt

245 1677 279 1740 ἐκ
303 1674 424 1760 λόχμης
449 1679 504 1739 καί
525 1678 653 1760 δρυμοῦ
686 1675 906 1760 προσβάλλων,
931 1677 972 1738 ου’
991 1676 1108 1760 τολμᾷς
1137 1669 1219 1736 κατά
1242 1672 1335 1750 μέτω-
1421 1685 1422 1758 η

106 1794 129 1849 l.
148 1791 305 1848 158ι.πον
328 1771 550 1858 insuperalis
571 1775 626 1840 σόν
648 1778 813 1862 ἐπιφέρειν
835 1778 986 1860 πόλεμον,
1009 1775 1079 1840 ἀλλ’
1102 1774 1160 1837 οόκ
1178 1769 1261 1836 ἔστιν
1276 1759 1336 1831 οὗθ’
1421 1779 1422 1804 ³

247 1872 322 1942 ὅθεν
353 1868 425 1940 οὔθ’
458 1872 507 1940 dre
534 1875 579 1959 μή
607 1875 665 1960 την
694 1876 754 1962 σάν
781 1901 838 1958 μοι
870 1878 1040 1962 προσάγεις
1062 1877 1257 1955 άτέκμαρτον
1278 1875 1366 1932 πεῖ-15

249 2003 326 2062 ραις
357 1980 392 2042 τί
422 1975 500 2042 κατά
523 1980 585 2044 rodo
619 1981 716 2042 θείων
741 1975 907 2062 δογμάτων
938 1973 1047 2043 ἄλλοτ’
1078 1972 1194 2048 ἄλλους
1222 1971 1338 2054 ἐγείρεις
1421 2011 1422 2026 ι

249 2073 428 2158 Ὀλάμπους
448 2076 503 2143 καί
526 2076 723 2162 Παρνασσός
743 2080 951 2165 βλασφημίας
975 2080 1181 2160 αότομαθοῦς
1203 2077 1259 2162 καί
1274 2073 1339 2153 ‹idr-

249 2183 394 2262 μαθοόςς
418 2185 453 2268 τί
482 2182 562 2245 κατὰ
595 2184 658 2245 τεόν
680 2185 777 2244 θείων
808 2185 951 2264 πατέρων
980 2177 1153 2263 χαράδρας
1175 2166 1340 2257 άνορόττεις

226 2275 303 2345 ’άεί
324 2283 509 2363 καινοτέρας
531 2285 586 2345 καί
606 2280 688 2369 μάνη
711 2284 748 2368 τῇ
768 2285 810 2366 σῇ
831 2278 1270 2364 παρευρημένιιςιαάτοθελεῖ
1285 2276 1338 2337 ἐπι-

251 2382 339 2468 νοίρς
368 2383 437 2446 τίνω
465 2382 575 2447 τοῦτον
600 2386 633 2460 ἐξ
656 2381 865 2464 αὐτοσχεδίου
886 2385 932 2468 τῷ
955 2383 1031 2469 θείῳ
1052 2383 1163 2468 ἐκείνῳ·
1185 2375 1278 2459 πατρί
1296 2370 1365 2434 rolli
1422 2448 1423 2462 η

251 2485 342 2568 σοφῷ
364 2484 546 2570 διδασκάλῳ
567 2485 620 2568 τῆς
650 2482 817 2568 ἐκκλησίας
849 2485 921 2548 νέον
955 2478 1094 2560 ὄπλίζεις
1116 2482 1295 2563 Ἀρχίλοχον
1318 2463 1335 2550 ό

251 2585 372 2664 μάλλον
394 2580 585 2669 Ἀρχιλόχου
608 2588 754 2670 πίθηκον,
784 2580 819 2660 lle
841 2583 916 2669 πρίν
937 2576 959 2668 ἢ
978 2585 1097 2664 μαθεῖν
1118 2572 1236 2644 άπονον
1257 2574 1331 2640 οἴεται

254 2892 333 2946 nimis
351 2891 468 2946 refertos
487 2907 549 2946 esse
569 2895 661 2963 pravis
680 2893 853 2962 opinionibus
871 2893 975 2947 diceret
995 2901 1022 2946 et
1039 2892 1092 2945 uisi
1111 2892 1145 2944 ab
1161 2891 1224 2944 aliis
1244 2884 1336 2958 quihus·

255 2967 315 3018 dam
333 2964 573 3033 interpolatoribus
594 2982 692 3018 nomeu
712 2968 770 3018 eius
789 2967 947 3034 inscriptum
966 2973 1039 3020 esset
1049 2965 1135 3029 libris,
1158 2952 1338 3032 ignorumillul

255 3051 407 3088 mansurum
428 3037 529 3102 luisse3
547 3052 602 3090 uon
623 3047 711 3090 tamen
732 3038 796 3090 libri
817 3038 885 3105 ipsi;
913 3038 958 3106 qui
977 3053 1075 3090 revera
1093 3037 1202 3106 quidem
1222 3029 1339 3085 exserunt

256 3109 303 3160 sed
323 3124 375 3161 una
398 3125 457 3160 curn
477 3109 518 3160 his
537 3124 634 3164 nomeu
657 3111 715 3162 eius
734 3109 912 3162 obiiciendum
935 3125 998 3162 esse
1019 3117 1045 3161 et
1063 3107 1283 3160 annumerandum
1301 3111 1339 3149 rt·

256 3180 337 3248 liquis
357 3179 512 3233 haereticis.
1026 3175 1028 3180 ’

357 3278 432 3341 Quae
448 3277 531 3330 verba
550 3286 640 3330 tantae
658 3277 740 3346 plena
758 3278 902 3346 impietalis
923 3295 1001 3347 quum
1015 3277 1148 3346 Gregoras
1168 3275 1281 3328 audisset
1297 3281 1339 3318 ve·

259 3348 399 3400 hementer
419 3351 508 3400 animo
528 3349 669 3416 perculsus
689 3358 730 3402 est
751 3359 778 3402 et
796 3352 926 3402 obmutuit
943 3365 991 3418 per
1008 3349 1118 3416 longum
1132 3335 1340 3418 horaciutervel·

260 3419 325 3472 lum.
361 3427 389 3470 ut
409 3419 507 3472 deiude
526 3422 614 3472 auimo
635 3430 662 3472 et
681 3422 772 3474 divina
790 3423 999 3490 condignatione
1028 3419 1153 3488 impletus
1174 3417 1253 3470 vertit
1276 3427 1302 3464 so
1317 3419 1340 3456 111

260 3492 474 3546 Cantacuseuum
494 3492 585 3544 verbis
605 3492 695 3546 hisce:
720 3509 768 3544 our
785 3506 840 3544 non
860 3502 975 3545 oetatem
993 3492 1059 3543 mihi
1083 3493 1149 3543 sinis
1168 3473 1340 3555 tranquillam?

260 3578 307 3614 cnr
329 3577 435 3628 semper
457 3563 563 3615 haeresi
581 3572 626 3616 tua
644 3565 779 3632 inquietas
798 3581 840 3615 me
859 3581 949 3633 neque
968 3565 1103 3616 succurris
1121 3562 1187 3614 mihi
1205 3559 1249 3628 qni
1265 3556 1339 3606 artato

258 3634 312 3686 ism
331 3633 470 3686 conlectus
488 3650 545 3686 sum
566 3644 593 3686 et
611 3651 691 3702 quum
710 3644 784 3687 tauta
801 3651 872 3688 nono
892 3636 1043 3688 dominetur
1060 3631 1189 3686 miseria?
1214 3644 1258 3681 cur
1274 3619 1338 3676 modo

259 3705 324 3756 hine
342 3705 420 3756 modo
445 3705 655 3776 illiucteuquam
675 3709 780 3759 insidiis
799 3713 826 3758 et
844 3707 955 3759 latebris
970 3705 1098 3758 exsiliens
1118 3706 1183 3756 mihi
1201 3715 1252 3753 non
1271 3690 1339 3747 erel-

260 3791 356 3828 versus
376 3776 490 3828 lrontem
509 3795 593 3830 meam
611 3778 712 3830 bellum
732 3776 831 3846 paras?
866 3795 955 3847 neque
981 3778 1057 3829 locus
1081 3792 1170 3844 neque
1189 3782 1285 3838 tempus
1306 3763 1340 3846 ξ’*

261 3862 314 3916 qao
332 3862 387 3898 non
409 3848 632 3902 insolentissimus
653 3857 712 3901 tuas
732 3851 895 3901 tentationes
914 3853 942 3900 in
963 3855 1124 3900 moventes.
1162 3861 1208 3898 cur
1230 3839 1339 3893 indicina

262 3921 386 3986 dogmata
401 3921 480 3972 modo
501 3921 549 3973 hos
568 3923 645 3972 modo
666 3920 729 3972 illos
751 3921 1001 3988 exstruisOlympos
1022 3928 1049 3971 et
1058 3919 1200 3970 Parnaso
1219 3916 1339 3990 contum?-

263 3990 396 4043 liuruma
424 4000 452 4043 te
474 3993 645 4044 confictarum
666 3999 693 4042 et
711 4007 772 4043 sero
792 4001 880 4044 tameu
899 3995 996 4044 frustra
1016 3992 1237 4059 excogitatarum:
1255 3977 1339 4048 quidm

261 4071 368 4116 sanctos
388 4071 477 4130 putres
496 4079 601 4130 semper
622 4062 688 4114 lacit
707 4063 817 4115 foveas:
846 4079 915 4131 quae
933 4063 992 4116 solo
1014 4069 1059 4113 tuo
1082 4061 1195 4113 consilio
1214 4055 1338 4130 lodiculuf·
1422 4057 1423 4088 3

262 4149 310 4186 cur
331 4149 365 4186 ex
382 4143 503 4201 ternpore
522 4136 550 4186 in
569 4131 688 4186 divinum
708 4143 810 4200 putrem
829 4135 905 4186 illum
925 4141 952 4185 et
971 4142 1172 4201 praeceptorem
1190 4127 1338 4194 sapientiora

261 4219 342 4272 mum,
360 4220 460 4260 novum
479 4206 594 4258 iustrais'
607 4205 799 4260 Archilochum
818 4206 972 4274 vel-potius
990 4203 1149 4260 Archilochi
1167 4201 1281 4257 siniamt
1303 4196 1338 4254 ‘1⁰¹
