<?xml version="1.0" encoding="UTF-8"?>
<!DOCTYPE html PUBLIC "-//W3C//DTD XHTML 1.0 Transitional//EN"
    "http://www.w3.org/TR/xhtml1/DTD/xhtml1-transitional.dtd">
<html xmlns="http://www.w3.org/1999/xhtml" xml:lang="en" lang="en">
 <head>
  <title>
</title>
<meta http-equiv="Content-Type" content="text/html;charset=utf-8" />
  <meta name='ocr-system' content='tesseract 3.04.00' />
  <meta name='ocr-capabilities' content='ocr_page ocr_carea ocr_par ocr_line ocrx_word'/>
</head>
<body>
  <div class='ocr_page' id='page_1' title='image "./nicephorigregor07schogoog_0094.png"; bbox 0 0 2992 4918; ppageno 0'>
   <div class='ocr_carea' id='block_1_1' title="bbox 259 311 1215 422">
    <p class='ocr_par' dir='ltr' id='par_1_1' title="bbox 259 311 1215 422">
     <span class='ocr_line' id='line_1_1' title="bbox 259 311 1215 422; baseline -0.002 -24"><span class='ocrx_word' id='word_1_1' title='bbox 259 329 484 410; x_wconf 74' lang='grc' dir='ltr'><strong><em>τττττοττεε</em></strong></span> <span class='ocrx_word' id='word_1_2' title='bbox 505 311 766 422; x_wconf 71' lang='lat' dir='ltr'><strong>statumine</strong></span> <span class='ocrx_word' id='word_1_3' title='bbox 783 334 893 420; x_wconf 70' lang='lat' dir='ltr'><strong>ussi,</strong></span> <span class='ocrx_word' id='word_1_4' title='bbox 916 313 1043 398; x_wconf 80' lang='lat'><strong>3-5.</strong></span> <span class='ocrx_word' id='word_1_5' title='bbox 1168 327 1215 418; x_wconf 77' lang='grc' dir='ltr'><strong><em>ιτ</em></strong></span> 
     </span>
    </p>
   </div>
   <div class='ocr_carea' id='block_1_2' title="bbox 44 490 1359 2813">
    <p class='ocr_par' dir='ltr' id='par_1_2' title="bbox 97 490 1302 1397">
     <span class='ocr_line' id='line_1_2' title="bbox 120 490 1257 582; baseline -0.007 -20"><span class='ocrx_word' id='word_1_6' title='bbox 120 493 317 582; x_wconf 80' lang='grc' dir='ltr'><strong><em>θεραπεύειν.</em></strong></span> <span class='ocrx_word' id='word_1_7' title='bbox 342 501 420 580; x_wconf 85' lang='grc' dir='ltr'><strong><em>περί</em></strong></span> <span class='ocrx_word' id='word_1_8' title='bbox 437 519 472 580; x_wconf 75' lang='grc' dir='ltr'><strong><em>γε</em></strong></span> <span class='ocrx_word' id='word_1_9' title='bbox 492 494 557 578; x_wconf 81' lang='grc' dir='ltr'><strong><em>μήν</em></strong></span> <span class='ocrx_word' id='word_1_10' title='bbox 578 499 641 559; x_wconf 72' lang='grc' dir='ltr'><strong><em>ταῖν</em></strong></span> <span class='ocrx_word' id='word_1_11' title='bbox 662 499 719 562; x_wconf 72' lang='grc' dir='ltr'><strong><em>νῦν</em></strong></span> <span class='ocrx_word' id='word_1_12' title='bbox 737 490 926 577; x_wconf 77' lang='grc' dir='ltr'><strong><em>ἐπισκόπων,</em></strong></span> <span class='ocrx_word' id='word_1_13' title='bbox 947 495 986 557; x_wconf 80' lang='grc' dir='ltr'><strong><em>ου’</em></strong></span> <span class='ocrx_word' id='word_1_14' title='bbox 999 491 1063 578; x_wconf 81' lang='grc' dir='ltr'><strong><em>χρή</em></strong></span> <span class='ocrx_word' id='word_1_15' title='bbox 1076 513 1111 557; x_wconf 88' lang='grc' dir='ltr'><strong><em>σε</em></strong></span> <span class='ocrx_word' id='word_1_16' title='bbox 1133 495 1257 564; x_wconf 70' lang='lat' dir='ltr'><strong>dno-4</strong></span> 
     </span>
     <span class='ocr_line' id='line_1_3' title="bbox 119 591 1219 714; baseline -0.007 -50"><span class='ocrx_word' id='word_1_17' title='bbox 119 598 226 714; x_wconf 73' lang='grc' dir='ltr'><strong><em>μάζειν</em></strong></span> <span class='ocrx_word' id='word_1_18' title='bbox 252 594 305 673; x_wconf 74' lang='grc' dir='ltr'><strong><em>ὅτι</em></strong></span> <span class='ocrx_word' id='word_1_19' title='bbox 327 602 410 684; x_wconf 86' lang='grc' dir='ltr'><strong><em>μηδὲ</em></strong></span> <span class='ocrx_word' id='word_1_20' title='bbox 433 597 492 674; x_wconf 84' lang='grc' dir='ltr'><strong><em>τάς</em></strong></span> <span class='ocrx_word' id='word_1_21' title='bbox 514 595 641 679; x_wconf 78' lang='grc' dir='ltr'><em>πρώτας</em></span> <span class='ocrx_word' id='word_1_22' title='bbox 662 592 768 680; x_wconf 77' lang='grc' dir='ltr'><strong><em>α’ρχάς</em></strong></span> <span class='ocrx_word' id='word_1_23' title='bbox 783 599 846 659; x_wconf 76' lang='grc' dir='ltr'><strong><em>τῶν</em></strong></span> <span class='ocrx_word' id='word_1_24' title='bbox 861 597 1026 677; x_wconf 73' lang='grc' dir='ltr'><em>στοιχείων</em></span> <span class='ocrx_word' id='word_1_25' title='bbox 1040 591 1070 659; x_wconf 79' lang='grc' dir='ltr'><strong><em>οἱ</em></strong></span> <span class='ocrx_word' id='word_1_26' title='bbox 1092 595 1219 668; x_wconf 89' lang='grc' dir='ltr'><strong><em>πλείους</em></strong></span> 
     </span>
     <span class='ocr_line' id='line_1_4' title="bbox 118 696 1258 784; baseline -0.004 -18"><span class='ocrx_word' id='word_1_27' title='bbox 118 725 220 772; x_wconf 87' lang='grc' dir='ltr'><strong><em>ισασιν</em></strong></span> <span class='ocrx_word' id='word_1_28' title='bbox 245 700 349 784; x_wconf 80' lang='grc' dir='ltr'><strong><em>δγιῶς</em></strong></span> <span class='ocrx_word' id='word_1_29' title='bbox 371 702 566 784; x_wconf 70' lang='grc' dir='ltr'><strong><em>συντιθέναι,</em></strong></span> <span class='ocrx_word' id='word_1_30' title='bbox 587 706 652 774; x_wconf 89' lang='grc' dir='ltr'><strong><em>τοῖς</em></strong></span> <span class='ocrx_word' id='word_1_31' title='bbox 675 703 801 771; x_wconf 81' lang='grc' dir='ltr'><strong><em>πολλοῖς</em></strong></span> <span class='ocrx_word' id='word_1_32' title='bbox 823 699 903 778; x_wconf 75' lang='grc' dir='ltr'><strong><em>γοῦν</em></strong></span> <span class='ocrx_word' id='word_1_33' title='bbox 925 700 987 761; x_wconf 80' lang='grc' dir='ltr'><strong><em>τάν</em></strong></span> <span class='ocrx_word' id='word_1_34' title='bbox 1008 700 1137 781; x_wconf 72' lang='grc' dir='ltr'><strong><em>βρεφῶν</em></strong></span> <span class='ocrx_word' id='word_1_35' title='bbox 1168 696 1222 768; x_wconf 85' lang='grc' dir='ltr'><strong><em>καί</em></strong></span> <span class='ocrx_word' id='word_1_36' title='bbox 1251 733 1258 738; x_wconf 90' lang='grc'><strong>-</strong></span> 
     </span>
     <span class='ocr_line' id='line_1_5' title="bbox 119 794 1302 888; baseline -0.006 -21"><span class='ocrx_word' id='word_1_37' title='bbox 119 809 231 886; x_wconf 84' lang='grc' dir='ltr'><strong><em>νηπίων</em></strong></span> <span class='ocrx_word' id='word_1_38' title='bbox 261 805 312 870; x_wconf 76' lang='grc' dir='ltr'><strong><em>ἐπ’</em></strong></span> <span class='ocrx_word' id='word_1_39' title='bbox 343 799 434 888; x_wconf 82' lang='grc' dir='ltr'><strong><em>ἴσης,</em></strong></span> <span class='ocrx_word' id='word_1_40' title='bbox 465 800 533 866; x_wconf 83' lang='lat' dir='ltr'><strong>a‘tt’</strong></span> <span class='ocrx_word' id='word_1_41' title='bbox 565 797 788 883; x_wconf 78' lang='grc' dir='ltr'><strong><em>ἀγροικότερον</em></strong></span> <span class='ocrx_word' id='word_1_42' title='bbox 820 794 935 878; x_wconf 88' lang='grc' dir='ltr'><strong><em>τρόπον</em></strong></span> <span class='ocrx_word' id='word_1_43' title='bbox 957 795 995 865; x_wconf 86' lang='grc' dir='ltr'><strong><em>τά</em></strong></span> <span class='ocrx_word' id='word_1_44' title='bbox 1031 798 1092 862; x_wconf 79' lang='grc' dir='ltr'><strong><em>τάν</em></strong></span> <span class='ocrx_word' id='word_1_45' title='bbox 1124 798 1222 862; x_wconf 87' lang='grc' dir='ltr'><strong><em>θείων</em></strong></span> <span class='ocrx_word' id='word_1_46' title='bbox 1298 856 1302 860; x_wconf 86' lang='grc'><strong>.</strong></span> 
     </span>
     <span class='ocr_line' id='line_1_6' title="bbox 97 896 1222 988; baseline -0.009 -18"><span class='ocrx_word' id='word_1_47' title='bbox 97 901 282 988; x_wconf 74' lang='grc' dir='ltr'><strong><em>ὀδυρμάτων</em></strong></span> <span class='ocrx_word' id='word_1_48' title='bbox 307 949 316 968; x_wconf 94' lang='grc'><strong>.</strong></span> <span class='ocrx_word' id='word_1_49' title='bbox 343 950 352 969; x_wconf 90' lang='grc'><strong>.</strong></span> <span class='ocrx_word' id='word_1_50' title='bbox 377 950 387 984; x_wconf 85' lang='lat'><strong>,</strong></span> <span class='ocrx_word' id='word_1_51' title='bbox 410 899 468 986; x_wconf 87' lang='grc' dir='ltr'><strong><em>τήν</em></strong></span> <span class='ocrx_word' id='word_1_52' title='bbox 488 904 594 966; x_wconf 87' lang='grc' dir='ltr'><strong><em>πάσαν</em></strong></span> <span class='ocrx_word' id='word_1_53' title='bbox 614 896 904 982; x_wconf 78' lang='grc' dir='ltr'><strong><em>κενοῦσισπουδήν.</em></strong></span> <span class='ocrx_word' id='word_1_54' title='bbox 928 901 1002 968; x_wconf 84' lang='grc' dir='ltr'><strong><em>ου’δὲ</em></strong></span> <span class='ocrx_word' id='word_1_55' title='bbox 1015 901 1222 982; x_wconf 74' lang='grc' dir='ltr'><strong><em>μεταπείθειν</em></strong></span> 
     </span>
     <span class='ocr_line' id='line_1_7' title="bbox 120 1000 1224 1090; baseline -0.006 -21"><span class='ocrx_word' id='word_1_56' title='bbox 120 1010 291 1090; x_wconf 83' lang='grc' dir='ltr'><strong><em>πτιροῑσθαι</em></strong></span> <span class='ocrx_word' id='word_1_57' title='bbox 313 1007 449 1090; x_wconf 82' lang='grc' dir='ltr'><em>μηδένα,</em></span> <span class='ocrx_word' id='word_1_58' title='bbox 470 1004 551 1088; x_wconf 81' lang='grc' dir='ltr'><strong><em>μηδὲ</em></strong></span> <span class='ocrx_word' id='word_1_59' title='bbox 572 1002 869 1084; x_wconf 76' lang='grc' dir='ltr'><strong><em>συναναμίγνυσθαι</em></strong></span> <span class='ocrx_word' id='word_1_60' title='bbox 884 1000 1004 1066; x_wconf 78' lang='grc' dir='ltr'><strong><em>τούτων</em></strong></span> <span class='ocrx_word' id='word_1_61' title='bbox 1025 1001 1134 1064; x_wconf 83' lang='grc' dir='ltr'><strong><em>ου’δέσι</em></strong></span> <span class='ocrx_word' id='word_1_62' title='bbox 1149 1001 1224 1084; x_wconf 85' lang='grc' dir='ltr'><strong><em>μηδ’</em></strong></span> 
     </span>
     <span class='ocr_line' id='line_1_8' title="bbox 120 1094 1223 1192; baseline -0.009 -20"><span class='ocrx_word' id='word_1_63' title='bbox 120 1106 241 1174; x_wconf 74' lang='grc' dir='ltr'><strong><em>ὁτιοῦν·</em></strong></span> <span class='ocrx_word' id='word_1_64' title='bbox 271 1105 391 1190; x_wconf 85' lang='grc' dir='ltr'><strong><em>μεστοί</em></strong></span> <span class='ocrx_word' id='word_1_65' title='bbox 411 1103 471 1192; x_wconf 79' lang='grc' dir='ltr'><strong><em>γάρ</em></strong></span> <span class='ocrx_word' id='word_1_66' title='bbox 489 1099 626 1177; x_wconf 86' lang='grc' dir='ltr'><strong><em>άπαντες</em></strong></span> <span class='ocrx_word' id='word_1_67' title='bbox 650 1102 803 1184; x_wconf 80' lang='grc' dir='ltr'><strong><em>άποψίας.</em></strong></span> <span class='ocrx_word' id='word_1_68' title='bbox 847 1105 901 1166; x_wconf 87' lang='grc' dir='ltr'><strong><em>καί</em></strong></span> <span class='ocrx_word' id='word_1_69' title='bbox 923 1094 994 1168; x_wconf 72' lang='lat' dir='ltr'><strong>‘door</strong></span> <span class='ocrx_word' id='word_1_70' title='bbox 1014 1103 1046 1178; x_wconf 83' lang='grc' dir='ltr'><strong><em>ἐς</em></strong></span> <span class='ocrx_word' id='word_1_71' title='bbox 1067 1097 1102 1168; x_wconf 83' lang='grc' dir='ltr'><strong><em>τά</em></strong></span> <span class='ocrx_word' id='word_1_72' title='bbox 1126 1096 1223 1164; x_wconf 76' lang='grc' dir='ltr'><strong><em>καλὸν</em></strong></span> 
     </span>
     <span class='ocr_line' id='line_1_9' title="bbox 120 1200 1223 1294; baseline -0.009 -22"><span class='ocrx_word' id='word_1_73' title='bbox 120 1208 258 1292; x_wconf 79' lang='grc' dir='ltr'><strong><em>κάγαθὸν</em></strong></span> <span class='ocrx_word' id='word_1_74' title='bbox 294 1211 426 1294; x_wconf 72' lang='grc' dir='ltr'><strong><em>τυφλοῖς</em></strong></span> <span class='ocrx_word' id='word_1_75' title='bbox 450 1231 483 1272; x_wconf 93' lang='grc' dir='ltr'><strong><em>τε</em></strong></span> <span class='ocrx_word' id='word_1_76' title='bbox 505 1200 615 1287; x_wconf 64' lang='grc' dir='ltr'><strong><em>ἕήυυσι</em></strong></span> <span class='ocrx_word' id='word_1_77' title='bbox 638 1205 694 1270; x_wconf 82' lang='grc' dir='ltr'><strong><em>καί</em></strong></span> <span class='ocrx_word' id='word_1_78' title='bbox 715 1205 870 1288; x_wconf 80' lang='grc' dir='ltr'><strong><em>σ’μαθιάς,</em></strong></span> <span class='ocrx_word' id='word_1_79' title='bbox 891 1206 1024 1266; x_wconf 82' lang='grc' dir='ltr'><strong><em>τοσοῦτο</em></strong></span> <span class='ocrx_word' id='word_1_80' title='bbox 1045 1201 1223 1286; x_wconf 83' lang='grc' dir='ltr'><strong><em>δολιάτητὸς</em></strong></span> 
     </span>
     <span class='ocr_line' id='line_1_10' title="bbox 121 1299 1224 1397; baseline -0.009 -21"><span class='ocrx_word' id='word_1_81' title='bbox 121 1335 149 1376; x_wconf 86' lang='grc' dir='ltr'><strong><em>τε</em></strong></span> <span class='ocrx_word' id='word_1_82' title='bbox 170 1310 224 1376; x_wconf 86' lang='grc' dir='ltr'><strong><em>καί</em></strong></span> <span class='ocrx_word' id='word_1_83' title='bbox 245 1314 379 1397; x_wconf 77' lang='grc' dir='ltr'><strong><em>φθάνον</em></strong></span> <span class='ocrx_word' id='word_1_84' title='bbox 399 1310 523 1390; x_wconf 88' lang='grc' dir='ltr'><strong><em>μεστοί.</em></strong></span> <span class='ocrx_word' id='word_1_85' title='bbox 577 1304 632 1372; x_wconf 84' lang='grc' dir='ltr'><strong><em>καί</em></strong></span> <span class='ocrx_word' id='word_1_86' title='bbox 654 1304 758 1394; x_wconf 74' lang='grc' dir='ltr'><strong><em>ῥᾷστα</em></strong></span> <span class='ocrx_word' id='word_1_87' title='bbox 784 1299 951 1385; x_wconf 71' lang='grc' dir='ltr'><strong><em>παριόντες</em></strong></span> <span class='ocrx_word' id='word_1_88' title='bbox 980 1305 1174 1383; x_wconf 76' lang='grc' dir='ltr'><strong><em>διαβαλοῦσί</em></strong></span> <span class='ocrx_word' id='word_1_89' title='bbox 1188 1324 1224 1366; x_wconf 89' lang='grc' dir='ltr'><strong><em>σε</em></strong></span> 
     </span>
    </p>

    <p class='ocr_par' dir='ltr' id='par_1_3' title="bbox 87 1375 1307 1903">
     <span class='ocr_line' id='line_1_11' title="bbox 87 1375 1307 1496; baseline -0.011 -19"><span class='ocrx_word' id='word_1_90' title='bbox 87 1408 193 1496; x_wconf 74' lang='grc' dir='ltr'><strong><em>λυπρὸς</em></strong></span> <span class='ocrx_word' id='word_1_91' title='bbox 214 1410 292 1489; x_wconf 76' lang='grc' dir='ltr'><strong><em>τούς</em></strong></span> <span class='ocrx_word' id='word_1_92' title='bbox 318 1404 485 1495; x_wconf 77' lang='grc' dir='ltr'><strong><em>ήηιεμόνας.</em></strong></span> <span class='ocrx_word' id='word_1_93' title='bbox 529 1408 646 1480; x_wconf 78' lang='grc' dir='ltr'><strong><em>πολλοῦ</em></strong></span> <span class='ocrx_word' id='word_1_94' title='bbox 676 1403 737 1489; x_wconf 79' lang='grc' dir='ltr'><strong><em>γάρ</em></strong></span> <span class='ocrx_word' id='word_1_95' title='bbox 762 1397 843 1468; x_wconf 83' lang='grc' dir='ltr'><strong><em>εἶναι</em></strong></span> <span class='ocrx_word' id='word_1_96' title='bbox 864 1405 930 1468; x_wconf 80' lang='grc' dir='ltr'><strong><em>δεῖν</em></strong></span> <span class='ocrx_word' id='word_1_97' title='bbox 958 1405 997 1490; x_wconf 79' lang='grc' dir='ltr'><strong><em>τῇ</em></strong></span> <span class='ocrx_word' id='word_1_98' title='bbox 1019 1399 1138 1468; x_wconf 79' lang='grc' dir='ltr'><strong><em>τούτων</em></strong></span> <span class='ocrx_word' id='word_1_99' title='bbox 1159 1428 1224 1482; x_wconf 82' lang='grc' dir='ltr'><strong><em>πα-</em></strong></span> <span class='ocrx_word' id='word_1_100' title='bbox 1302 1375 1307 1387; x_wconf 27' lang='lat' dir='ltr'>x</span> 
     </span>
     <span class='ocr_line' id='line_1_12' title="bbox 121 1505 1224 1601; baseline -0.007 -23"><span class='ocrx_word' id='word_1_101' title='bbox 121 1519 272 1596; x_wconf 79' lang='grc' dir='ltr'><strong><em>ραβαλεῖν</em></strong></span> <span class='ocrx_word' id='word_1_102' title='bbox 298 1514 395 1601; x_wconf 82' lang='grc' dir='ltr'><strong><em>κακίηι</em></strong></span> <span class='ocrx_word' id='word_1_103' title='bbox 417 1511 523 1577; x_wconf 81' lang='grc' dir='ltr'><strong><em>πᾶσαν</em></strong></span> <span class='ocrx_word' id='word_1_104' title='bbox 542 1509 687 1572; x_wconf 76' lang='grc' dir='ltr'><strong><em>παλαιάν</em></strong></span> <span class='ocrx_word' id='word_1_105' title='bbox 700 1529 732 1572; x_wconf 88' lang='grc' dir='ltr'><strong><em>τε</em></strong></span> <span class='ocrx_word' id='word_1_106' title='bbox 756 1505 811 1572; x_wconf 86' lang='grc' dir='ltr'><strong><em>καί</em></strong></span> <span class='ocrx_word' id='word_1_107' title='bbox 830 1508 909 1570; x_wconf 79' lang='grc' dir='ltr'><strong><em>νέων</em></strong></span> <span class='ocrx_word' id='word_1_108' title='bbox 933 1505 1224 1587; x_wconf 79' lang='grc' dir='ltr'><strong><em>άνδροῖνκακοτρὸ-</em></strong></span> 
     </span>
     <span class='ocr_line' id='line_1_13' title="bbox 120 1600 1225 1695; baseline -0.009 -17"><span class='ocrx_word' id='word_1_109' title='bbox 120 1639 181 1680; x_wconf 87' lang='grc' dir='ltr'><strong><em>πιον</em></strong></span> <span class='ocrx_word' id='word_1_110' title='bbox 202 1619 336 1684; x_wconf 82' lang='grc' dir='ltr'><strong><em>κακίαν,</em></strong></span> <span class='ocrx_word' id='word_1_111' title='bbox 389 1611 420 1678; x_wconf 82' lang='grc' dir='ltr'><strong><em>εί</em></strong></span> <span class='ocrx_word' id='word_1_112' title='bbox 453 1611 488 1674; x_wconf 84' lang='grc' dir='ltr'><strong><em>δὲ</em></strong></span> <span class='ocrx_word' id='word_1_113' title='bbox 517 1608 561 1692; x_wconf 85' lang='grc' dir='ltr'><strong><em>μή</em></strong></span> <span class='ocrx_word' id='word_1_114' title='bbox 588 1607 698 1695; x_wconf 75' lang='grc' dir='ltr'><strong><em>ῥᾴδιον</em></strong></span> <span class='ocrx_word' id='word_1_115' title='bbox 730 1609 764 1670; x_wconf 80' lang='grc' dir='ltr'><strong><em>ἐκ</em></strong></span> <span class='ocrx_word' id='word_1_116' title='bbox 785 1607 1074 1691; x_wconf 77' lang='grc' dir='ltr'><strong><em>αράτηςσυνοράν</em></strong></span> <span class='ocrx_word' id='word_1_117' title='bbox 1099 1600 1225 1686; x_wconf 82' lang='grc' dir='ltr'><strong><em>ὁμιλίας</em></strong></span> 
     </span>
     <span class='ocr_line' id='line_1_14' title="bbox 121 1706 1223 1805; baseline -0.012 -24"><span class='ocrx_word' id='word_1_118' title='bbox 121 1719 197 1800; x_wconf 84' lang='grc' dir='ltr'><strong><em>μηδὲ</em></strong></span> <span class='ocrx_word' id='word_1_119' title='bbox 219 1719 279 1782; x_wconf 81' lang='grc' dir='ltr'><strong><em>τοῦ</em></strong></span> <span class='ocrx_word' id='word_1_120' title='bbox 318 1715 359 1801; x_wconf 77' lang='grc' dir='ltr'><strong><em>τῷ</em></strong></span> <span class='ocrx_word' id='word_1_121' title='bbox 374 1718 517 1805; x_wconf 68' lang='grc' dir='ltr'><strong><em>κριτικῷ</em></strong></span> <span class='ocrx_word' id='word_1_122' title='bbox 538 1711 593 1796; x_wconf 86' lang='grc' dir='ltr'><strong><em>τής</em></strong></span> <span class='ocrx_word' id='word_1_123' title='bbox 617 1707 737 1792; x_wconf 72' lang='grc' dir='ltr'><strong><em>Ιψυχῆς</em></strong></span> <span class='ocrx_word' id='word_1_124' title='bbox 764 1709 995 1790; x_wconf 77' lang='grc' dir='ltr'><strong><em>ταμιευομέναν</em></strong></span> <span class='ocrx_word' id='word_1_125' title='bbox 1018 1706 1223 1790; x_wconf 79' lang='grc' dir='ltr'><strong><em>δικαστηρίου</em></strong></span> 
     </span>
     <span class='ocr_line' id='line_1_15' title="bbox 122 1803 1224 1903; baseline -0.012 -21"><span class='ocrx_word' id='word_1_126' title='bbox 122 1818 174 1894; x_wconf 84' lang='grc' dir='ltr'><strong><em>τάς</em></strong></span> <span class='ocrx_word' id='word_1_127' title='bbox 195 1817 338 1903; x_wconf 80' lang='grc' dir='ltr'><strong><em>ψήφους</em></strong></span> <span class='ocrx_word' id='word_1_128' title='bbox 372 1809 561 1882; x_wconf 83' lang='grc' dir='ltr'><strong><em>α’νακάπτειν</em></strong></span> <span class='ocrx_word' id='word_1_129' title='bbox 592 1806 693 1886; x_wconf 84' lang='grc' dir='ltr'><strong><em>εάθδς</em></strong></span> <span class='ocrx_word' id='word_1_130' title='bbox 726 1812 911 1892; x_wconf 76' lang='grc' dir='ltr'><strong><em>ἐλευθερίας</em></strong></span> <span class='ocrx_word' id='word_1_131' title='bbox 943 1815 997 1877; x_wconf 89' lang='grc' dir='ltr'><strong><em>καί</em></strong></span> <span class='ocrx_word' id='word_1_132' title='bbox 1021 1803 1224 1888; x_wconf 83' lang='grc' dir='ltr'><strong><em>α’δεκάστους,</em></strong></span> 
     </span>
    </p>

    <p class='ocr_par' dir='ltr' id='par_1_4' title="bbox 90 1907 1288 2106">
     <span class='ocr_line' id='line_1_16' title="bbox 90 1907 1288 2000; baseline -0.009 -18"><span class='ocrx_word' id='word_1_133' title='bbox 90 1912 268 1984; x_wconf 78' lang='grc' dir='ltr'><strong><em>15άλλόάν</em></strong></span> <span class='ocrx_word' id='word_1_134' title='bbox 293 1915 351 1984; x_wconf 88' lang='grc' dir='ltr'><strong><em>διά</em></strong></span> <span class='ocrx_word' id='word_1_135' title='bbox 373 1918 427 1999; x_wconf 81' lang='grc' dir='ltr'><strong><em>τῆς</em></strong></span> <span class='ocrx_word' id='word_1_136' title='bbox 455 1917 512 1980; x_wconf 76' lang='grc' dir='ltr'><strong><em>τοῦ</em></strong></span> <span class='ocrx_word' id='word_1_137' title='bbox 532 1911 650 1996; x_wconf 83' lang='grc' dir='ltr'><strong><em>χρόνον</em></strong></span> <span class='ocrx_word' id='word_1_138' title='bbox 673 1914 786 1995; x_wconf 88' lang='grc' dir='ltr'><strong><em>πείρας</em></strong></span> <span class='ocrx_word' id='word_1_139' title='bbox 808 1907 927 1986; x_wconf 73' lang='grc' dir='ltr'><strong><em>ἔξεστιν</em></strong></span> <span class='ocrx_word' id='word_1_140' title='bbox 959 1907 1031 1993; x_wconf 83' lang='grc' dir='ltr'><em>ἴχνη</em></span> <span class='ocrx_word' id='word_1_141' title='bbox 1051 1908 1226 2000; x_wconf 74' lang='grc' dir='ltr'><strong><em>λαμβάνειν</em></strong></span> <span class='ocrx_word' id='word_1_142' title='bbox 1274 1935 1288 1989; x_wconf 66' lang='lat' dir='ltr'>j</span> 
     </span>
     <span class='ocr_line' id='line_1_17' title="bbox 123 2009 1235 2106; baseline -0.012 -22"><span class='ocrx_word' id='word_1_143' title='bbox 123 2019 197 2103; x_wconf 79' lang='grc' dir='ltr'><strong><em>τινά,</em></strong></span> <span class='ocrx_word' id='word_1_144' title='bbox 223 2023 281 2106; x_wconf 80' lang='grc' dir='ltr'><strong><em>τῆς</em></strong></span> <span class='ocrx_word' id='word_1_145' title='bbox 307 2016 436 2105; x_wconf 83' lang='grc' dir='ltr'><strong><em>φάσεως</em></strong></span> <span class='ocrx_word' id='word_1_146' title='bbox 457 2009 523 2082; x_wconf 84' lang='grc' dir='ltr'><strong><em>οἷον</em></strong></span> <span class='ocrx_word' id='word_1_147' title='bbox 539 2011 752 2096; x_wconf 65' lang='grc' dir='ltr'><strong><em>ἀναδιδούσης</em></strong></span> <span class='ocrx_word' id='word_1_148' title='bbox 774 2009 923 2094; x_wconf 88' lang='grc' dir='ltr'><strong><em>άμυδράς</em></strong></span> <span class='ocrx_word' id='word_1_149' title='bbox 944 2012 1098 2093; x_wconf 77' lang='grc' dir='ltr'><strong><em>εἰκασίας,</em></strong></span> <span class='ocrx_word' id='word_1_150' title='bbox 1120 2009 1177 2072; x_wconf 86' lang='grc' dir='ltr'><strong><em>ου’τι</em></strong></span> <span class='ocrx_word' id='word_1_151' title='bbox 1192 2009 1235 2078; x_wconf 70' lang='grc' dir='ltr'><strong><em>ἐκ·</em></strong></span> 
     </span>
    </p>

    <p class='ocr_par' dir='ltr' id='par_1_5' title="bbox 44 2105 1227 2210">
     <span class='ocr_line' id='line_1_18' title="bbox 44 2105 1227 2210; baseline -0.018 -20"><span class='ocrx_word' id='word_1_152' title='bbox 44 2137 52 2152; x_wconf 87' lang='grc'>’</span> <span class='ocrx_word' id='word_1_153' title='bbox 125 2121 273 2210; x_wconf 78' lang='grc' dir='ltr'><strong><em>προνοίας</em></strong></span> <span class='ocrx_word' id='word_1_154' title='bbox 296 2124 368 2206; x_wconf 75' lang='grc' dir='ltr'><strong><em>μέν,</em></strong></span> <span class='ocrx_word' id='word_1_155' title='bbox 390 2121 425 2182; x_wconf 79' lang='grc' dir='ltr'><strong><em>ἑκ</em></strong></span> <span class='ocrx_word' id='word_1_156' title='bbox 449 2119 507 2196; x_wconf 79' lang='grc' dir='ltr'><strong><em>τοῦ</em></strong></span> <span class='ocrx_word' id='word_1_157' title='bbox 530 2113 728 2199; x_wconf 70' lang='grc' dir='ltr'><strong><em>παρήκοντος</em></strong></span> <span class='ocrx_word' id='word_1_158' title='bbox 750 2117 778 2178; x_wconf 90' lang='grc' dir='ltr'><strong><em>δ’</em></strong></span> <span class='ocrx_word' id='word_1_159' title='bbox 802 2106 869 2196; x_wconf 78' lang='grc' dir='ltr'><strong><em>οὖν,</em></strong></span> <span class='ocrx_word' id='word_1_160' title='bbox 886 2113 926 2200; x_wconf 47' lang='grc' dir='ltr'><strong><em>ἱἐν</em></strong></span> <span class='ocrx_word' id='word_1_161' title='bbox 950 2107 995 2186; x_wconf 84' lang='grc' dir='ltr'><strong><em>οἷς</em></strong></span> <span class='ocrx_word' id='word_1_162' title='bbox 1017 2113 1114 2182; x_wconf 80' lang='grc' dir='ltr'><strong><em>ἐνίοτε</em></strong></span> <span class='ocrx_word' id='word_1_163' title='bbox 1135 2105 1227 2190; x_wconf 80' lang='grc' dir='ltr'><strong><em>καίή</em></strong></span> 
     </span>
    </p>

    <p class='ocr_par' dir='ltr' id='par_1_6' title="bbox 125 2210 1229 2308">
     <span class='ocr_line' id='line_1_19' title="bbox 125 2210 1229 2308; baseline -0.018 -18"><span class='ocrx_word' id='word_1_164' title='bbox 125 2227 245 2308; x_wconf 77' lang='grc' dir='ltr'><strong><em>γλῶττα</em></strong></span> <span class='ocrx_word' id='word_1_165' title='bbox 268 2218 479 2288; x_wconf 78' lang='grc' dir='ltr'><strong><em>λανθάνουσα</em></strong></span> <span class='ocrx_word' id='word_1_166' title='bbox 501 2219 652 2302; x_wconf 81' lang='grc' dir='ltr'><strong><em>προδότις</em></strong></span> <span class='ocrx_word' id='word_1_167' title='bbox 684 2212 830 2289; x_wconf 84' lang='grc' dir='ltr'><strong><em>α’κοάσιος</em></strong></span> <span class='ocrx_word' id='word_1_168' title='bbox 848 2215 969 2294; x_wconf 76' lang='grc' dir='ltr'><strong><em>γίνεται</em></strong></span> <span class='ocrx_word' id='word_1_169' title='bbox 991 2211 1053 2274; x_wconf 77' lang='grc' dir='ltr'><strong><em>τῶν</em></strong></span> <span class='ocrx_word' id='word_1_170' title='bbox 1083 2210 1139 2295; x_wconf 78' lang='grc' dir='ltr'><strong><em>τῆς</em></strong></span> <span class='ocrx_word' id='word_1_171' title='bbox 1159 2221 1229 2288; x_wconf 90' lang='grc' dir='ltr'><strong><em>ψυ-Ι</em></strong></span> 
     </span>
    </p>

    <p class='ocr_par' dir='ltr' id='par_1_7' title="bbox 80 2305 1228 2410">
     <span class='ocr_line' id='line_1_20' title="bbox 80 2305 1228 2410; baseline -0.013 -21"><span class='ocrx_word' id='word_1_172' title='bbox 80 2353 91 2376; x_wconf 71' lang='lat' dir='ltr'><strong>r</strong></span> <span class='ocrx_word' id='word_1_173' title='bbox 126 2330 181 2409; x_wconf 82' lang='grc' dir='ltr'><strong><em>χής</em></strong></span> <span class='ocrx_word' id='word_1_174' title='bbox 202 2322 399 2410; x_wconf 77' lang='grc' dir='ltr'><strong><em>άπαρρήρορν</em></strong></span> <span class='ocrx_word' id='word_1_175' title='bbox 413 2318 680 2404; x_wconf 71' lang='grc' dir='ltr'><strong><em>ἀρρωστημάτων,</em></strong></span> <span class='ocrx_word' id='word_1_176' title='bbox 701 2318 811 2398; x_wconf 76' lang='grc' dir='ltr'><strong><em>θυμοῦ</em></strong></span> <span class='ocrx_word' id='word_1_177' title='bbox 823 2311 913 2388; x_wconf 71' lang='grc' dir='ltr'><strong><em>,τινάς</em></strong></span> <span class='ocrx_word' id='word_1_178' title='bbox 935 2311 1131 2395; x_wconf 78' lang='grc' dir='ltr'><strong><em>ἐρεθίζοντας</em></strong></span> <span class='ocrx_word' id='word_1_179' title='bbox 1152 2305 1228 2390; x_wconf 77' lang='grc' dir='ltr'><strong><em>ἴσως</em></strong></span> 
     </span>
    </p>

    <p class='ocr_par' dir='ltr' id='par_1_8' title="bbox 92 2408 1359 2813">
     <span class='ocr_line' id='line_1_21' title="bbox 92 2408 1229 2510; baseline -0.017 -20"><span class='ocrx_word' id='word_1_180' title='bbox 92 2427 271 2510; x_wconf 79' lang='grc' dir='ltr'><strong><em>υυκοθάπερ</em></strong></span> <span class='ocrx_word' id='word_1_181' title='bbox 297 2422 476 2510; x_wconf 80' lang='grc' dir='ltr'><strong><em>πνεύματος</em></strong></span> <span class='ocrx_word' id='word_1_182' title='bbox 496 2419 552 2502; x_wconf 88' lang='grc' dir='ltr'><strong><em>τήν</em></strong></span> <span class='ocrx_word' id='word_1_183' title='bbox 574 2414 695 2502; x_wconf 83' lang='grc' dir='ltr'><strong><em>ψυχήν,</em></strong></span> <span class='ocrx_word' id='word_1_184' title='bbox 718 2413 737 2501; x_wconf 82' lang='grc' dir='ltr'><strong><em>ή</em></strong></span> <span class='ocrx_word' id='word_1_185' title='bbox 759 2417 980 2500; x_wconf 78' lang='grc' dir='ltr'><strong><em>πραγματικῆς</em></strong></span> <span class='ocrx_word' id='word_1_186' title='bbox 1007 2408 1127 2494; x_wconf 80' lang='grc' dir='ltr'><strong><em>οῗαςδή</em></strong></span> <span class='ocrx_word' id='word_1_187' title='bbox 1146 2431 1229 2484; x_wconf 88' lang='grc' dir='ltr'><strong><em>τινος</em></strong></span> 
     </span>
     <span class='ocr_line' id='line_1_22' title="bbox 128 2505 1263 2616; baseline -0.015 -26"><span class='ocrx_word' id='word_1_188' title='bbox 128 2525 243 2607; x_wconf 72' lang='grc' dir='ltr'><strong><em>ἔξωθεν</em></strong></span> <span class='ocrx_word' id='word_1_189' title='bbox 259 2527 423 2616; x_wconf 12' lang='grc' dir='ltr'><strong><em>’,ἐπιρροῆς</em></strong></span> <span class='ocrx_word' id='word_1_190' title='bbox 446 2520 500 2586; x_wconf 87' lang='grc' dir='ltr'><strong><em>καί</em></strong></span> <span class='ocrx_word' id='word_1_191' title='bbox 520 2522 675 2603; x_wconf 70' lang='grc' dir='ltr'><strong><em>ἀδοκήτου</em></strong></span> <span class='ocrx_word' id='word_1_192' title='bbox 699 2505 811 2604; x_wconf 61' lang='lat' dir='ltr'><strong>poprie.</strong></span> <span class='ocrx_word' id='word_1_193' title='bbox 856 2513 972 2579; x_wconf 83' lang='grc' dir='ltr'><strong><em>άπάσαι</em></strong></span> <span class='ocrx_word' id='word_1_194' title='bbox 994 2512 1055 2596; x_wconf 77' lang='grc' dir='ltr'><strong><em>γάρ</em></strong></span> <span class='ocrx_word' id='word_1_195' title='bbox 1079 2517 1142 2594; x_wconf 80' lang='grc' dir='ltr'><strong><em>τάν</em></strong></span> <span class='ocrx_word' id='word_1_196' title='bbox 1163 2526 1263 2598; x_wconf 73' lang='lat' dir='ltr'><strong>occ-6</strong></span> 
     </span>
     <span class='ocr_line' id='line_1_23' title="bbox 128 2609 1359 2710; baseline -0.02 -15"><span class='ocrx_word' id='word_1_197' title='bbox 128 2633 271 2710; x_wconf 79' lang='grc' dir='ltr'><strong><em>ματικτόν</em></strong></span> <span class='ocrx_word' id='word_1_198' title='bbox 294 2630 319 2666; x_wconf 81' lang='grc'>”</span> <span class='ocrx_word' id='word_1_199' title='bbox 338 2624 521 2708; x_wconf 79' lang='grc' dir='ltr'><strong><em>χρωμάτων</em></strong></span> <span class='ocrx_word' id='word_1_200' title='bbox 542 2646 574 2688; x_wconf 85' lang='grc' dir='ltr'><strong><em>τε</em></strong></span> <span class='ocrx_word' id='word_1_201' title='bbox 601 2625 656 2694; x_wconf 82' lang='grc' dir='ltr'><strong><em>καί</em></strong></span> <span class='ocrx_word' id='word_1_202' title='bbox 675 2618 845 2705; x_wconf 73' lang='grc' dir='ltr'><strong><em>σχημάτων</em></strong></span> <span class='ocrx_word' id='word_1_203' title='bbox 877 2616 910 2682; x_wconf 81' lang='grc' dir='ltr'><strong><em>αῖ</em></strong></span> <span class='ocrx_word' id='word_1_204' title='bbox 931 2609 1144 2697; x_wconf 71' lang='grc' dir='ltr'><strong><em>παραλλάξας</em></strong></span> <span class='ocrx_word' id='word_1_205' title='bbox 1168 2609 1231 2688; x_wconf 80' lang='grc' dir='ltr'><strong><em>εἰσί</em></strong></span> <span class='ocrx_word' id='word_1_206' title='bbox 1240 2617 1260 2672; x_wconf 86' lang='lat' dir='ltr'><strong><em>i.</em></strong></span> <span class='ocrx_word' id='word_1_207' title='bbox 1272 2615 1322 2673; x_wconf 81' lang='lat'><strong><em>112</em></strong></span> <span class='ocrx_word' id='word_1_208' title='bbox 1332 2629 1359 2670; x_wconf 75' lang='grc' dir='ltr'><strong><em>ε.</em></strong></span> 
     </span>
     <span class='ocr_line' id='line_1_24' title="bbox 129 2711 1231 2813; baseline -0.022 -15"><span class='ocrx_word' id='word_1_209' title='bbox 129 2739 188 2807; x_wconf 85' lang='grc' dir='ltr'><strong><em>τοῖς</em></strong></span> <span class='ocrx_word' id='word_1_210' title='bbox 210 2729 422 2813; x_wconf 76' lang='grc' dir='ltr'><strong><em>ἀνθρώποις,</em></strong></span> <span class='ocrx_word' id='word_1_211' title='bbox 454 2728 606 2790; x_wconf 77' lang='grc' dir='ltr'><strong><em>τοσαῦται</em></strong></span> <span class='ocrx_word' id='word_1_212' title='bbox 639 2725 694 2785; x_wconf 86' lang='grc' dir='ltr'><strong><em>καί</em></strong></span> <span class='ocrx_word' id='word_1_213' title='bbox 723 2724 785 2784; x_wconf 77' lang='grc' dir='ltr'><strong><em>τῶν</em></strong></span> <span class='ocrx_word' id='word_1_214' title='bbox 806 2723 954 2802; x_wconf 79' lang='grc' dir='ltr'><strong><em>ψυχικῶν</em></strong></span> <span class='ocrx_word' id='word_1_215' title='bbox 984 2719 1078 2796; x_wconf 76' lang='grc' dir='ltr'><strong><em>ἕξεων</em></strong></span> <span class='ocrx_word' id='word_1_216' title='bbox 1102 2711 1136 2784; x_wconf 78' lang='grc' dir='ltr'><strong><em>αἱ</em></strong></span> <span class='ocrx_word' id='word_1_217' title='bbox 1157 2716 1231 2777; x_wconf 90' lang='grc' dir='ltr'><strong><em>δια-</em></strong></span> 
     </span>
    </p>
   </div>
   <div class='ocr_carea' id='block_1_3' title="bbox 133 3018 1364 4334">
    <p class='ocr_par' dir='ltr' id='par_1_9' title="bbox 133 3018 1232 3181">
     <span class='ocr_line' id='line_1_25' title="bbox 133 3018 1232 3100; baseline -0.026 -5"><span class='ocrx_word' id='word_1_218' title='bbox 133 3047 263 3100; x_wconf 83' lang='lat' dir='ltr'><strong>camentis</strong></span> <span class='ocrx_word' id='word_1_219' title='bbox 286 3041 365 3094; x_wconf 86' lang='lat' dir='ltr'><strong>huius</strong></span> <span class='ocrx_word' id='word_1_220' title='bbox 384 3035 503 3091; x_wconf 85' lang='lat' dir='ltr'><strong>vulneris</strong></span> <span class='ocrx_word' id='word_1_221' title='bbox 524 3029 766 3096; x_wconf 74' lang='lat' dir='ltr'><strong>inflammationem,</strong></span> <span class='ocrx_word' id='word_1_222' title='bbox 788 3030 913 3094; x_wconf 85' lang='lat' dir='ltr'><strong>quantum</strong></span> <span class='ocrx_word' id='word_1_223' title='bbox 931 3021 989 3088; x_wconf 79' lang='lat' dir='ltr'><strong>lieri</strong></span> <span class='ocrx_word' id='word_1_224' title='bbox 1008 3018 1118 3086; x_wconf 86' lang='lat' dir='ltr'><strong>poterit,</strong></span> <span class='ocrx_word' id='word_1_225' title='bbox 1138 3030 1232 3082; x_wconf 70' lang='lat' dir='ltr'><strong>curere</strong></span> 
     </span>
     <span class='ocr_line' id='line_1_26' title="bbox 133 3087 1232 3181; baseline -0.03 -11"><span class='ocrx_word' id='word_1_226' title='bbox 133 3126 248 3173; x_wconf 59' lang='lat' dir='ltr'><strong>tentans</strong></span> <span class='ocrx_word' id='word_1_227' title='bbox 289 3113 360 3181; x_wconf 87' lang='lat' dir='ltr'><strong>quod</strong></span> <span class='ocrx_word' id='word_1_228' title='bbox 381 3109 476 3163; x_wconf 75' lang='lat' dir='ltr'><strong>attinet</strong></span> <span class='ocrx_word' id='word_1_229' title='bbox 501 3106 532 3157; x_wconf 91' lang='lat' dir='ltr'><strong><em>ad</em></strong></span> <span class='ocrx_word' id='word_1_230' title='bbox 556 3106 716 3172; x_wconf 88' lang='lat' dir='ltr'><strong>episcopos,</strong></span> <span class='ocrx_word' id='word_1_231' title='bbox 742 3099 787 3168; x_wconf 89' lang='lat' dir='ltr'><strong><em>qui</em></strong></span> <span class='ocrx_word' id='word_1_232' title='bbox 806 3112 876 3149; x_wconf 90' lang='lat' dir='ltr'><strong>nunc</strong></span> <span class='ocrx_word' id='word_1_233' title='bbox 895 3101 972 3157; x_wconf 89' lang='lat' dir='ltr'><strong>sunt,</strong></span> <span class='ocrx_word' id='word_1_234' title='bbox 994 3106 1048 3144; x_wconf 88' lang='lat' dir='ltr'><strong><em>non</em></strong></span> <span class='ocrx_word' id='word_1_235' title='bbox 1074 3088 1156 3144; x_wconf 90' lang='lat' dir='ltr'><strong>debes</strong></span> <span class='ocrx_word' id='word_1_236' title='bbox 1180 3087 1232 3140; x_wconf 85' lang='lat' dir='ltr'><strong><em>mi-</em></strong></span> 
     </span>
    </p>

    <p class='ocr_par' dir='ltr' id='par_1_10' title="bbox 134 3160 1233 3328">
     <span class='ocr_line' id='line_1_27' title="bbox 134 3160 1233 3256; baseline -0.028 -16"><span class='ocrx_word' id='word_1_237' title='bbox 134 3191 193 3253; x_wconf 89' lang='lat' dir='ltr'><strong>rari,</strong></span> <span class='ocrx_word' id='word_1_238' title='bbox 215 3187 293 3256; x_wconf 87' lang='lat' dir='ltr'><strong>quod</strong></span> <span class='ocrx_word' id='word_1_239' title='bbox 312 3200 347 3237; x_wconf 90' lang='lat' dir='ltr'><strong>ne</strong></span> <span class='ocrx_word' id='word_1_240' title='bbox 366 3177 573 3249; x_wconf 25' lang='lat' dir='ltr'><strong>prima-quidem</strong></span> <span class='ocrx_word' id='word_1_241' title='bbox 592 3175 784 3226; x_wconf 89' lang='lat' dir='ltr'><strong>elementorum</strong></span> <span class='ocrx_word' id='word_1_242' title='bbox 803 3168 935 3236; x_wconf 89' lang='lat' dir='ltr'><strong>principia</strong></span> <span class='ocrx_word' id='word_1_243' title='bbox 953 3165 1077 3232; x_wconf 80' lang='lat' dir='ltr'>plerique</span> <span class='ocrx_word' id='word_1_244' title='bbox 1089 3160 1233 3228; x_wconf 78' lang='lat' dir='ltr'><strong>prudenter</strong></span> 
     </span>
     <span class='ocr_line' id='line_1_28' title="bbox 136 3230 1233 3328; baseline -0.029 -15"><span class='ocrx_word' id='word_1_245' title='bbox 136 3274 301 3328; x_wconf 88' lang='lat' dir='ltr'><strong>componere</strong></span> <span class='ocrx_word' id='word_1_246' title='bbox 320 3256 417 3315; x_wconf 87' lang='lat' dir='ltr'><strong>sciunt,</strong></span> <span class='ocrx_word' id='word_1_247' title='bbox 436 3250 525 3302; x_wconf 90' lang='lat' dir='ltr'><strong>multis</strong></span> <span class='ocrx_word' id='word_1_248' title='bbox 545 3248 587 3300; x_wconf 93' lang='lat' dir='ltr'><strong>illi</strong></span> <span class='ocrx_word' id='word_1_249' title='bbox 606 3243 798 3314; x_wconf 87' lang='lat' dir='ltr'><strong>quidemrebns</strong></span> <span class='ocrx_word' id='word_1_250' title='bbox 818 3237 939 3308; x_wconf 89' lang='lat' dir='ltr'><strong>parvulis</strong></span> <span class='ocrx_word' id='word_1_251' title='bbox 957 3234 1102 3300; x_wconf 70' lang='lat' dir='ltr'><strong>infantibus</strong></span> <span class='ocrx_word' id='word_1_252' title='bbox 1122 3230 1233 3294; x_wconf 83' lang='lat' dir='ltr'><strong>similes,</strong></span> 
     </span>
    </p>

    <p class='ocr_par' dir='ltr' id='par_1_11' title="bbox 136 3308 1233 3388">
     <span class='ocr_line' id='line_1_29' title="bbox 136 3308 1233 3388; baseline -0.03 -3"><span class='ocrx_word' id='word_1_253' title='bbox 136 3334 180 3386; x_wconf 87' lang='lat' dir='ltr'><strong>scd</strong></span> <span class='ocrx_word' id='word_1_254' title='bbox 198 3331 295 3386; x_wconf 85' lang='lat' dir='ltr'><strong>rudius</strong></span> <span class='ocrx_word' id='word_1_255' title='bbox 314 3327 342 3378; x_wconf 88' lang='lat' dir='ltr'><strong><em>in</em></strong></span> <span class='ocrx_word' id='word_1_256' title='bbox 363 3325 454 3378; x_wconf 88' lang='lat' dir='ltr'><strong>divina</strong></span> <span class='ocrx_word' id='word_1_257' title='bbox 473 3322 596 3388; x_wconf 83' lang='lat' dir='ltr'><strong>dogmata</strong></span> <span class='ocrx_word' id='word_1_258' title='bbox 614 3331 690 3370; x_wconf 87' lang='lat' dir='ltr'><strong>suum</strong></span> <span class='ocrx_word' id='word_1_259' title='bbox 709 3329 786 3365; x_wconf 92' lang='lat' dir='ltr'><strong>omne</strong></span> <span class='ocrx_word' id='word_1_260' title='bbox 805 3312 918 3364; x_wconf 91' lang='lat' dir='ltr'><strong>studium</strong></span> <span class='ocrx_word' id='word_1_261' title='bbox 936 3308 1099 3375; x_wconf 86' lang='lat' dir='ltr'><strong>impendunt.</strong></span> <span class='ocrx_word' id='word_1_262' title='bbox 1136 3319 1171 3356; x_wconf 91' lang='lat' dir='ltr'><strong>ne</strong></span> <span class='ocrx_word' id='word_1_263' title='bbox 1184 3316 1233 3357; x_wconf 90' lang='lat' dir='ltr'><strong>eo-</strong></span> 
     </span>
    </p>

    <p class='ocr_par' dir='ltr' id='par_1_12' title="bbox 137 3383 1364 3546">
     <span class='ocr_line' id='line_1_30' title="bbox 137 3383 1364 3473; baseline -0.03 -17"><span class='ocrx_word' id='word_1_264' title='bbox 137 3421 190 3458; x_wconf 84' lang='lat' dir='ltr'><strong><em>rum</em></strong></span> <span class='ocrx_word' id='word_1_265' title='bbox 210 3413 372 3473; x_wconf 85' lang='lat' dir='ltr'><strong>quemquam</strong></span> <span class='ocrx_word' id='word_1_266' title='bbox 392 3397 420 3448; x_wconf 89' lang='lat' dir='ltr'><strong><em>in</em></strong></span> <span class='ocrx_word' id='word_1_267' title='bbox 438 3393 578 3448; x_wconf 89' lang='lat' dir='ltr'><strong>meliorem</strong></span> <span class='ocrx_word' id='word_1_268' title='bbox 597 3389 756 3442; x_wconf 89' lang='lat' dir='ltr'><strong>sententiam</strong></span> <span class='ocrx_word' id='word_1_269' title='bbox 780 3384 912 3437; x_wconf 84' lang='lat' dir='ltr'><strong>deducere</strong></span> <span class='ocrx_word' id='word_1_270' title='bbox 932 3393 1059 3444; x_wconf 90' lang='lat' dir='ltr'><strong>conemur</strong></span> <span class='ocrx_word' id='word_1_271' title='bbox 1085 3391 1157 3430; x_wconf 84' lang='lat' dir='ltr'><strong>neve</strong></span> <span class='ocrx_word' id='word_1_272' title='bbox 1174 3389 1235 3438; x_wconf 82' lang='lat' dir='ltr'><strong><em>cum</em></strong></span> <span class='ocrx_word' id='word_1_273' title='bbox 1305 3427 1309 3442; x_wconf 28' lang='grc' dir='ltr'>ι</span> <span class='ocrx_word' id='word_1_274' title='bbox 1357 3383 1364 3398; x_wconf 86' lang='grc'><em>·</em></span> 
     </span>
     <span class='ocr_line' id='line_1_31' title="bbox 139 3450 1235 3546; baseline -0.03 -17"><span class='ocrx_word' id='word_1_275' title='bbox 139 3489 271 3546; x_wconf 86' lang='lat' dir='ltr'><strong>quoquam</strong></span> <span class='ocrx_word' id='word_1_276' title='bbox 299 3469 345 3524; x_wconf 86' lang='lat' dir='ltr'><strong>vel</strong></span> <span class='ocrx_word' id='word_1_277' title='bbox 369 3467 502 3520; x_wconf 85' lang='lat' dir='ltr'><strong>minimam</strong></span> <span class='ocrx_word' id='word_1_278' title='bbox 528 3461 746 3518; x_wconf 81' lang='lat' dir='ltr'><strong>consuetudinem</strong></span> <span class='ocrx_word' id='word_1_279' title='bbox 770 3453 904 3507; x_wconf 85' lang='lat' dir='ltr'><strong>ineamus!</strong></span> <span class='ocrx_word' id='word_1_280' title='bbox 949 3451 1023 3518; x_wconf 82' lang='lat' dir='ltr'><strong>pleni</strong></span> <span class='ocrx_word' id='word_1_281' title='bbox 1049 3450 1119 3502; x_wconf 88' lang='lat' dir='ltr'><strong>enim</strong></span> <span class='ocrx_word' id='word_1_282' title='bbox 1144 3459 1235 3508; x_wconf 81' lang='lat' dir='ltr'><strong>omnes</strong></span> 
     </span>
    </p>

    <p class='ocr_par' dir='ltr' id='par_1_13' title="bbox 139 3518 1331 3974">
     <span class='ocr_line' id='line_1_32' title="bbox 139 3518 1237 3616; baseline -0.032 -15"><span class='ocrx_word' id='word_1_283' title='bbox 139 3558 197 3600; x_wconf 85' lang='lat' dir='ltr'><strong>snut</strong></span> <span class='ocrx_word' id='word_1_284' title='bbox 214 3543 374 3616; x_wconf 81' lang='lat' dir='ltr'><strong>suspicione</strong></span> <span class='ocrx_word' id='word_1_285' title='bbox 394 3546 421 3590; x_wconf 91' lang='lat' dir='ltr'><strong>et</strong></span> <span class='ocrx_word' id='word_1_286' title='bbox 439 3543 536 3604; x_wconf 86' lang='lat' dir='ltr'><strong>quanta</strong></span> <span class='ocrx_word' id='word_1_287' title='bbox 555 3535 640 3586; x_wconf 83' lang='lat' dir='ltr'><strong>adres</strong></span> <span class='ocrx_word' id='word_1_288' title='bbox 654 3531 785 3590; x_wconf 83' lang='lat' dir='ltr'><strong>honestas</strong></span> <span class='ocrx_word' id='word_1_289' title='bbox 797 3526 914 3586; x_wconf 85' lang='lat' dir='ltr'><strong>etbouas</strong></span> <span class='ocrx_word' id='word_1_290' title='bbox 935 3523 1064 3579; x_wconf 79' lang='lat' dir='ltr'><strong>caecitate</strong></span> <span class='ocrx_word' id='word_1_291' title='bbox 1086 3527 1113 3570; x_wconf 91' lang='lat' dir='ltr'><strong>et</strong></span> <span class='ocrx_word' id='word_1_292' title='bbox 1131 3518 1237 3580; x_wconf 72' lang='lat' dir='ltr'><strong><em>inscitie</em></strong></span> 
     </span>
     <span class='ocr_line' id='line_1_33' title="bbox 141 3585 1271 3688; baseline -0.033 -14"><span class='ocrx_word' id='word_1_293' title='bbox 141 3619 255 3688; x_wconf 86' lang='lat' dir='ltr'><strong>praediti</strong></span> <span class='ocrx_word' id='word_1_294' title='bbox 274 3621 356 3676; x_wconf 87' lang='lat' dir='ltr'><strong>sunt,</strong></span> <span class='ocrx_word' id='word_1_295' title='bbox 376 3619 449 3662; x_wconf 87' lang='lat' dir='ltr'><strong>tanta</strong></span> <span class='ocrx_word' id='word_1_296' title='bbox 468 3597 646 3660; x_wconf 74' lang='lat' dir='ltr'><strong>fraudulentia</strong></span> <span class='ocrx_word' id='word_1_297' title='bbox 666 3611 692 3654; x_wconf 85' lang='lat' dir='ltr'><strong>et</strong></span> <span class='ocrx_word' id='word_1_298' title='bbox 711 3601 812 3654; x_wconf 81' lang='lat' dir='ltr'><strong>invidia</strong></span> <span class='ocrx_word' id='word_1_299' title='bbox 830 3604 934 3650; x_wconf 87' lang='lat' dir='ltr'><strong>scatent</strong></span> <span class='ocrx_word' id='word_1_300' title='bbox 952 3602 1031 3662; x_wconf 84' lang='lat' dir='ltr'><strong>atque</strong></span> <span class='ocrx_word' id='word_1_301' title='bbox 1056 3591 1184 3646; x_wconf 78' lang='lat' dir='ltr'><strong>facillime</strong></span> <span class='ocrx_word' id='word_1_302' title='bbox 1209 3595 1237 3638; x_wconf 94' lang='lat' dir='ltr'><strong>te</strong></span> <span class='ocrx_word' id='word_1_303' title='bbox 1261 3585 1271 3628; x_wconf 78' lang='grc' dir='ltr'><strong><em>ί</em></strong></span> 
     </span>
     <span class='ocr_line' id='line_1_34' title="bbox 141 3663 1331 3760; baseline -0.029 -16"><span class='ocrx_word' id='word_1_304' title='bbox 141 3693 207 3760; x_wconf 88' lang='lat' dir='ltr'><strong>apud</strong></span> <span class='ocrx_word' id='word_1_305' title='bbox 233 3687 373 3756; x_wconf 83' lang='lat' dir='ltr'><strong>principes</strong></span> <span class='ocrx_word' id='word_1_306' title='bbox 399 3679 615 3734; x_wconf 86' lang='lat' dir='ltr'><strong>criminabuntur.</strong></span> <span class='ocrx_word' id='word_1_307' title='bbox 662 3673 771 3726; x_wconf 91' lang='lat' dir='ltr'><strong>multum</strong></span> <span class='ocrx_word' id='word_1_308' title='bbox 797 3671 867 3721; x_wconf 87' lang='lat' dir='ltr'><strong>enim</strong></span> <span class='ocrx_word' id='word_1_309' title='bbox 891 3667 984 3730; x_wconf 86' lang='lat' dir='ltr'><strong>abest,</strong></span> <span class='ocrx_word' id='word_1_310' title='bbox 1006 3672 1035 3716; x_wconf 92' lang='lat' dir='ltr'><strong><em>ut</em></strong></span> <span class='ocrx_word' id='word_1_311' title='bbox 1049 3679 1108 3715; x_wconf 90' lang='lat' dir='ltr'><strong><em>cum</em></strong></span> <span class='ocrx_word' id='word_1_312' title='bbox 1126 3663 1236 3720; x_wconf 88' lang='lat' dir='ltr'><strong>istorum</strong></span> <span class='ocrx_word' id='word_1_313' title='bbox 1329 3705 1331 3709; x_wconf 15' lang='grc' dir='ltr'><em>Α</em></span> 
     </span>
     <span class='ocr_line' id='line_1_35' title="bbox 142 3734 1237 3832; baseline -0.036 -17"><span class='ocrx_word' id='word_1_314' title='bbox 142 3763 262 3832; x_wconf 88' lang='lat' dir='ltr'><strong>nequitia</strong></span> <span class='ocrx_word' id='word_1_315' title='bbox 281 3754 399 3810; x_wconf 78' lang='lat' dir='ltr'><strong>conferri</strong></span> <span class='ocrx_word' id='word_1_316' title='bbox 418 3749 556 3820; x_wconf 88' lang='lat' dir='ltr'><strong>possitvel</strong></span> <span class='ocrx_word' id='word_1_317' title='bbox 575 3743 754 3806; x_wconf 80' lang='lat' dir='ltr'><strong>veterumvel</strong></span> <span class='ocrx_word' id='word_1_318' title='bbox 771 3741 949 3798; x_wconf 84' lang='lat' dir='ltr'><strong>recentiorum</strong></span> <span class='ocrx_word' id='word_1_319' title='bbox 968 3735 1069 3788; x_wconf 88' lang='lat' dir='ltr'><strong>malitia</strong></span> <span class='ocrx_word' id='word_1_320' title='bbox 1088 3741 1116 3792; x_wconf 88' lang='lat' dir='ltr'><strong>et</strong></span> <span class='ocrx_word' id='word_1_321' title='bbox 1134 3734 1237 3798; x_wconf 73' lang='grc' dir='ltr'><strong><em>διαρτα-</em></strong></span> 
     </span>
     <span class='ocr_line' id='line_1_36' title="bbox 142 3804 1238 3900; baseline -0.037 -14"><span class='ocrx_word' id='word_1_322' title='bbox 142 3835 219 3898; x_wconf 86' lang='lat' dir='ltr'><strong>bitas,</strong></span> <span class='ocrx_word' id='word_1_323' title='bbox 239 3845 319 3900; x_wconf 84' lang='lat' dir='ltr'><strong>quam</strong></span> <span class='ocrx_word' id='word_1_324' title='bbox 341 3825 442 3878; x_wconf 87' lang='lat' dir='ltr'><strong>etiamsi</strong></span> <span class='ocrx_word' id='word_1_325' title='bbox 461 3837 515 3875; x_wconf 88' lang='lat' dir='ltr'><strong><em>non</em></strong></span> <span class='ocrx_word' id='word_1_326' title='bbox 535 3820 616 3874; x_wconf 81' lang='lat' dir='ltr'><strong>facile</strong></span> <span class='ocrx_word' id='word_1_327' title='bbox 644 3819 679 3870; x_wconf 87' lang='lat' dir='ltr'><strong>sit</strong></span> <span class='ocrx_word' id='word_1_328' title='bbox 698 3815 833 3881; x_wconf 82' lang='lat' dir='ltr'><strong>exprime</strong></span> <span class='ocrx_word' id='word_1_329' title='bbox 854 3825 944 3872; x_wconf 87' lang='lat' dir='ltr'><strong>eorum</strong></span> <span class='ocrx_word' id='word_1_330' title='bbox 964 3804 1238 3864; x_wconf 63' lang='lat' dir='ltr'><strong>conversationem.</strong></span> 
     </span>
     <span class='ocr_line' id='line_1_37' title="bbox 144 3873 1239 3974; baseline -0.033 -15"><span class='ocrx_word' id='word_1_331' title='bbox 144 3918 287 3974; x_wconf 81' lang='lat' dir='ltr'><strong>gnoscere,</strong></span> <span class='ocrx_word' id='word_1_332' title='bbox 308 3907 346 3963; x_wconf 90' lang='lat' dir='ltr'><strong><em>ut,</em></strong></span> <span class='ocrx_word' id='word_1_333' title='bbox 368 3896 496 3964; x_wconf 83' lang='lat' dir='ltr'><strong>quaenam</strong></span> <span class='ocrx_word' id='word_1_334' title='bbox 515 3895 542 3946; x_wconf 93' lang='lat' dir='ltr'><strong><em>in</em></strong></span> <span class='ocrx_word' id='word_1_335' title='bbox 562 3890 656 3942; x_wconf 90' lang='lat' dir='ltr'><strong>animis</strong></span> <span class='ocrx_word' id='word_1_336' title='bbox 676 3902 767 3939; x_wconf 88' lang='lat' dir='ltr'><strong>corum</strong></span> <span class='ocrx_word' id='word_1_337' title='bbox 788 3884 887 3936; x_wconf 83' lang='lat' dir='ltr'><strong>iudicio</strong></span> <span class='ocrx_word' id='word_1_338' title='bbox 907 3880 1045 3932; x_wconf 88' lang='lat' dir='ltr'><strong>recondita</strong></span> <span class='ocrx_word' id='word_1_339' title='bbox 1064 3877 1131 3940; x_wconf 88' lang='lat' dir='ltr'><strong>sint,</strong></span> <span class='ocrx_word' id='word_1_340' title='bbox 1151 3873 1239 3942; x_wconf 83' lang='lat' dir='ltr'><strong>proti-</strong></span> 
     </span>
    </p>

    <p class='ocr_par' dir='ltr' id='par_1_14' title="bbox 143 3949 1239 4188">
     <span class='ocr_line' id='line_1_38' title="bbox 143 3949 1239 4042; baseline -0.028 -14"><span class='ocrx_word' id='word_1_341' title='bbox 143 3994 190 4030; x_wconf 88' lang='lat' dir='ltr'><strong>nus</strong></span> <span class='ocrx_word' id='word_1_342' title='bbox 210 3979 330 4042; x_wconf 83' lang='lat' dir='ltr'><strong>ingenua</strong></span> <span class='ocrx_word' id='word_1_343' title='bbox 350 3977 378 4026; x_wconf 89' lang='lat' dir='ltr'><strong>et</strong></span> <span class='ocrx_word' id='word_1_344' title='bbox 396 3962 550 4032; x_wconf 79' lang='lat' dir='ltr'><strong>incorrupta</strong></span> <span class='ocrx_word' id='word_1_345' title='bbox 570 3960 697 4027; x_wconf 79' lang='lat' dir='ltr'><strong>suffragio</strong></span> <span class='ocrx_word' id='word_1_346' title='bbox 718 3958 840 4019; x_wconf 82' lang='lat' dir='ltr'><strong><em>evadant,</em></strong></span> <span class='ocrx_word' id='word_1_347' title='bbox 858 3962 972 4006; x_wconf 83' lang='lat' dir='ltr'><strong>attamen</strong></span> <span class='ocrx_word' id='word_1_348' title='bbox 993 3949 1120 4015; x_wconf 82' lang='lat' dir='ltr'><strong>temporis</strong></span> <span class='ocrx_word' id='word_1_349' title='bbox 1139 3960 1239 4014; x_wconf 77' lang='lat' dir='ltr'><strong>proce-</strong></span> 
     </span>
     <span class='ocr_line' id='line_1_39' title="bbox 146 4017 1239 4111; baseline -0.031 -11"><span class='ocrx_word' id='word_1_350' title='bbox 146 4051 230 4101; x_wconf 84' lang='lat' dir='ltr'><strong>dentis</strong></span> <span class='ocrx_word' id='word_1_351' title='bbox 258 4042 445 4111; x_wconf 78' lang='lat' dir='ltr'><strong>exploratione</strong></span> <span class='ocrx_word' id='word_1_352' title='bbox 466 4035 579 4104; x_wconf 77' lang='lat' dir='ltr'><strong>vestigia</strong></span> <span class='ocrx_word' id='word_1_353' title='bbox 606 4032 733 4102; x_wconf 84' lang='lat' dir='ltr'><strong>quaedam</strong></span> <span class='ocrx_word' id='word_1_354' title='bbox 759 4038 851 4083; x_wconf 80' lang='lat' dir='ltr'><strong>tenere</strong></span> <span class='ocrx_word' id='word_1_355' title='bbox 878 4023 991 4087; x_wconf 86' lang='lat' dir='ltr'><strong>licebit,</strong></span> <span class='ocrx_word' id='word_1_356' title='bbox 1020 4029 1114 4072; x_wconf 87' lang='lat' dir='ltr'><strong>natura</strong></span> <span class='ocrx_word' id='word_1_357' title='bbox 1142 4017 1239 4077; x_wconf 83' lang='lat' dir='ltr'><strong>indicia</strong></span> 
     </span>
     <span class='ocr_line' id='line_1_40' title="bbox 146 4087 1239 4188; baseline -0.033 -17"><span class='ocrx_word' id='word_1_358' title='bbox 146 4121 272 4188; x_wconf 74' lang='lat' dir='ltr'><strong>quaedam</strong></span> <span class='ocrx_word' id='word_1_359' title='bbox 293 4115 407 4168; x_wconf 85' lang='lat' dir='ltr'><strong>obscura</strong></span> <span class='ocrx_word' id='word_1_360' title='bbox 425 4125 478 4168; x_wconf 88' lang='lat' dir='ltr'><strong><em>uon</em></strong></span> <span class='ocrx_word' id='word_1_361' title='bbox 499 4105 633 4168; x_wconf 90' lang='lat' dir='ltr'><strong>consulto,</strong></span> <span class='ocrx_word' id='word_1_362' title='bbox 652 4103 700 4156; x_wconf 90' lang='lat' dir='ltr'><strong><em>sed</em></strong></span> <span class='ocrx_word' id='word_1_363' title='bbox 718 4101 805 4161; x_wconf 81' lang='lat' dir='ltr'><strong>obiter</strong></span> <span class='ocrx_word' id='word_1_364' title='bbox 825 4098 935 4157; x_wconf 84' lang='lat' dir='ltr'><strong>edente;</strong></span> <span class='ocrx_word' id='word_1_365' title='bbox 947 4093 1077 4154; x_wconf 79' lang='lat' dir='ltr'><strong>interdum</strong></span> <span class='ocrx_word' id='word_1_366' title='bbox 1096 4087 1239 4150; x_wconf 82' lang='lat' dir='ltr'><strong>etiumliu.</strong></span> 
     </span>
    </p>

    <p class='ocr_par' dir='ltr' id='par_1_15' title="bbox 148 4162 1241 4334">
     <span class='ocr_line' id='line_1_41' title="bbox 148 4162 1240 4260; baseline -0.032 -17"><span class='ocrx_word' id='word_1_367' title='bbox 148 4209 197 4260; x_wconf 84' lang='lat' dir='ltr'><strong><em>gua</em></strong></span> <span class='ocrx_word' id='word_1_368' title='bbox 215 4207 263 4244; x_wconf 88' lang='lat' dir='ltr'><strong>sua</strong></span> <span class='ocrx_word' id='word_1_369' title='bbox 284 4205 296 4240; x_wconf 92' lang='lat' dir='ltr'><strong>s</strong></span> <span class='ocrx_word' id='word_1_370' title='bbox 318 4193 380 4239; x_wconf 84' lang='lat' dir='ltr'><strong>onte</strong></span> <span class='ocrx_word' id='word_1_371' title='bbox 400 4183 466 4235; x_wconf 87' lang='lat' dir='ltr'><strong>clam</strong></span> <span class='ocrx_word' id='word_1_372' title='bbox 481 4180 568 4247; x_wconf 82' lang='lat' dir='ltr'><strong>prodit</strong></span> <span class='ocrx_word' id='word_1_373' title='bbox 587 4175 672 4234; x_wconf 79' lang='lat' dir='ltr'><strong>animi&#39;</strong></span> <span class='ocrx_word' id='word_1_374' title='bbox 685 4188 780 4226; x_wconf 84' lang='lat' dir='ltr'><strong>areana</strong></span> <span class='ocrx_word' id='word_1_375' title='bbox 794 4171 860 4230; x_wconf 81' lang='lat' dir='ltr'><strong>vitiu</strong></span> <span class='ocrx_word' id='word_1_376' title='bbox 877 4169 974 4236; x_wconf 83' lang='lat' dir='ltr'><strong>ellectu</strong></span> <span class='ocrx_word' id='word_1_377' title='bbox 993 4165 1106 4234; x_wconf 72' lang='lat' dir='ltr'><strong>quodum</strong></span> <span class='ocrx_word' id='word_1_378' title='bbox 1127 4162 1240 4217; x_wconf 82' lang='lat' dir='ltr'><strong>fortusse</strong></span> 
     </span>
     <span class='ocr_line' id='line_1_42' title="bbox 148 4233 1241 4334; baseline -0.035 -18"><span class='ocrx_word' id='word_1_379' title='bbox 148 4272 269 4334; x_wconf 71' lang='lat' dir='ltr'><strong>unquam</strong></span> <span class='ocrx_word' id='word_1_380' title='bbox 329 4266 358 4312; x_wconf 88' lang='lat' dir='ltr'><strong><em>tu</em></strong></span> <span class='ocrx_word' id='word_1_381' title='bbox 383 4261 428 4310; x_wconf 78' lang='lat' dir='ltr'><strong>attt</strong></span> <span class='ocrx_word' id='word_1_382' title='bbox 446 4255 473 4308; x_wconf 87' lang='lat' dir='ltr'><strong><em>ri</em></strong></span> <span class='ocrx_word' id='word_1_383' title='bbox 498 4250 609 4322; x_wconf 77' lang='lat' dir='ltr'><strong>quadam</strong></span> <span class='ocrx_word' id='word_1_384' title='bbox 635 4247 738 4323; x_wconf 80' lang='lat' dir='ltr'><strong>efficaci</strong></span> <span class='ocrx_word' id='word_1_385' title='bbox 765 4243 930 4303; x_wconf 81' lang='lat' dir='ltr'><strong>extrinsecus</strong></span> <span class='ocrx_word' id='word_1_386' title='bbox 955 4239 1030 4296; x_wconf 82' lang='lat' dir='ltr'><strong>illata</strong></span> <span class='ocrx_word' id='word_1_387' title='bbox 1054 4245 1081 4293; x_wconf 88' lang='lat' dir='ltr'><strong>et</strong></span> <span class='ocrx_word' id='word_1_388' title='bbox 1104 4233 1241 4300; x_wconf 85' lang='lat' dir='ltr'><strong>inopinata</strong></span> 
     </span>
    </p>
   </div>
   <div class='ocr_carea' id='block_1_4' title="bbox 750 4509 757 4547">
    <p class='ocr_par' dir='ltr' id='par_1_16' title="bbox 750 4509 757 4547">
     <span class='ocr_line' id='line_1_43' title="bbox 750 4509 757 4547; baseline 0 0"><span class='ocrx_word' id='word_1_389' title='bbox 750 4509 757 4547; x_wconf 79' lang='lat' dir='ltr'><strong>t</strong></span> 
     </span>
    </p>
   </div>
   <div class='ocr_carea' id='block_1_5' title="bbox 0 0 1525 4918">
    <p class='ocr_par' dir='ltr' id='par_1_17' title="bbox 0 0 1525 4918">
     <span class='ocr_line' id='line_1_44' title="bbox 0 0 1525 4918; baseline 0 0"><span class='ocrx_word' id='word_1_390' title='bbox 0 0 1525 4918; x_wconf 95' lang='lat' dir='ltr'><strong><em> </em></strong></span> 
     </span>
    </p>
   </div>
  </div>
 </body>
</html>
