2992 4916
197 365 418 436 msronmu
445 365 703 436 omnnrmtn
719 369 872 437 xxxvii.
888 353 1076 440 28-82.
1137 355 1209 443 545

110 530 175 612 γήν.
219 530 325 614 τρίτον
348 531 472 606 δέπῶς
504 529 601 594 πολίιν
630 527 691 617 ήδη
711 532 830 618 χρόνον
854 535 1126 620 κατηγοροόμενον
1157 537 1339 602 ouvitssbe.

110 628 307 712 Σκόρπιυν
292 654 326 694 εν
358 631 474 727 ἀκμαῖς
501 631 552 695 ἀει
579 641 768 718 πρακτικαῖς
799 637 856 718 τής
883 635 1028 721 τοιαύτης
1056 636 1210 723 αἱρέσεως

111 724 213 806 εἶναι,
250 755 303 794 και
319 718 492 796 nuileio
473 755 562 817 ep7op
564 732 654 797 ιε’νων
676 734 874 820 γραμμάτων
901 739 935 800 ἐκ
955 739 1017 801 τῶν
1036 740 1091 802 τοῦ
1114 734 1211 824 ὅρους

109 831 223 930 τιμίων
240 830 365 915 ἀνδρῶν
379 832 600 917 προδήλως
565 859 621 917 την
636 835 785 958 ἀρχαίαν
789 861 842 900 και
862 861 961 923 μεχρι
972 861 1027 902 νυν
1049 839 1210 904 ἀνθοῦσαν
1304 881 1314 916 ς

85 931 230 996 5ἒκείνου
254 932 369 996 κακιάν
388 934 629 1058 ἐξελεγχόντων,
653 928 747 1011 αότός
765 937 816 1002 ἀεί
839 938 1032 1060 μεριέπων
1018 948 1209 1026 εγκαρτερεῖ,

111 1028 283 1114 πρόμαχος
313 1026 335 1093 ἀ
333 1054 438 1111 μαχος
466 1034 573 1117 ἐκείνω
604 1035 687 1118 γενόμ
689 1058 769 1111 τινος
790 1037 845 1100 καί
868 1039 981 1113 στόλος
1003 1041 1103 1103 εἰπεῖν
1126 1038 1207 1104 ἀόσ-

106 1129 265 1210 μάντινυς,
288 1129 343 1194 καί
365 1135 478 1216 θαγμὰ
507 1135 609 1213 βοῶν,
632 1136 688 1198 καί
708 1137 766 1220 γῆν
790 1135 961 1222 ἀναμιγνὺς
983 1137 1129 1224 οὐρανηῖ,
1150 1141 1206 1205 καί

107 1228 188 1293 κατά
212 1229 283 1305 τούς
304 1231 516 1314 μαινομένους
536 1236 570 1298 τὸ
591 1238 647 1319 τῆς
662 1235 792 1321 γνιόμης
811 1235 977 1319 ἱστάμενον
998 1238 1206 1321 ἐλαυνόμενος

106 1332 162 1395 καί
183 1330 304 1404 πάντας
330 1330 509 1414 ἀναθέματι
536 1338 654 1420 μακρηῖ
683 1334 929 1419 παραπέμπων,
953 1337 1012 1418 οάχ
1034 1339 1067 1401 οἳ
1084 1337 1205 1415 τοότυις

68 1429 270 1510 ιοὲνέχονται
290 1436 356 1504 τοῖς
386 1430 592 1515 ἐγκλήμασιν,
627 1433 694 1496 ἀλλ’
728 1435 761 1498 οἳ
789 1438 836 1520 τῷ
856 1437 1005 1521 Σκυρπίηι
1028 1436 1202 1523 ἐνεχομένιμ

105 1528 283 1614 προφέρειν
316 1526 415 1612 ἥκιστ’
452 1531 588 1596 όκνοῦσι.
640 1533 696 1597 καί
717 1534 865 1619 τέταρτον
885 1533 933 1599 ότι
956 1537 1127 1621 καὶμέχρι
1149 1538 1269 1600 νῦνῦι

104 1628 193 1715 ἀρᾶν
209 1631 412 1714 ἰσχυρίζεται
430 1629 483 1695 τόν
497 1634 594 1714 μόνον
610 1633 822 1699 ἀναλλοίωτόν
832 1659 866 1700 τε
882 1636 937 1700 καί
959 1633 1102 1703 άκτιστον
1115 1635 1200 1715 θεόν,

104 1734 174 1816 φῶς
195 1729 303 1815 ἕτερόν
321 1753 354 1793 τε
375 1731 430 1795 καί
455 1728 599 1796 ἀκτιστον
620 1737 654 1798 ἐκ
675 1739 853 1820 μεταβολῆς
875 1735 955 1821 πρὸς
974 1735 1009 1802 τό
1031 1735 1203 1824 ὑφειμένον

100 1833 266 1918 γινόμενον
289 1830 377 1930 crispi
397 1837 561 1919 τρυφῶντι
583 1837 639 1900 καί
659 1839 892 1924 βλακευομένφ.
913 1843 1013 1903 ταῦτα
1029 1837 1067 1923 όή
1089 1839 1201 1917 πάντα,

63 1959 91 2010 15
101 1933 157 1996 καί
177 1934 207 1994 εἰ
227 1957 258 1995 τι
280 1932 398 1996 τοότων
419 1933 574 2012 ἐπέκεινα,
597 1936 767 2020 προτάσεις
784 1940 871 2013 τινάς
903 1939 1076 2013 ἐκτιθέντες
1099 1938 1201 2020 ἀναμ-

102 2031 258 2118 φιβόλους
288 2031 566 2118 ἀναμφισβήτητον
598 2033 640 2111 ὦς
677 2035 760 2110 εἰκός
788 2038 903 2122 ἐπῆγον
930 2037 986 2102 καί
1014 2035 1049 2100 τό
1075 2039 1203 2120 συμπέ-

101 2159 224 2219 ρασμα,
248 2137 329 2217 λέγω
364 2132 402 2216 δή
435 2134 470 2198 τὸ
495 2136 712 2200 Μασαλιανὸν
733 2133 889 2222 όπάρχειν
923 2135 1019 2201 αὐτόν
1040 2140 1072 2214 ἔξ
1096 2138 1199 2222 ἀρχῆς
1263 2163 1265 2168 ·

99 2259 133 2298 τε
151 2235 209 2299 καί
227 2234 327 2319 μέχρι
344 2234 480 2320 τήμερον
499 2235 748 2321 ἀναμφιλεκτονι
773 2231 855 2300 εἶναι
876 2236 1084 2324 γάράξίωμα
1104 2239 1197 2302 τοῦτο

99 2335 203 2398 πάλαι
225 2335 375 2418 κυρωθὲν
395 2341 460 2410 τοῖς
479 2358 512 2398 τε
535 2335 679 2420 θόραθεν
701 2337 757 2400 καί
776 2334 940 2421 ἡμετέροις
958 2340 1020 2401 τεόν
1043 2336 1197 2400 όιόασκά-

55 2441 174 2511 2ολων,
196 2437 228 2512 ἐξ
254 2433 383 2518 ἀληθῶν
404 2436 460 2499 καί
483 2436 724 2521 ἀναμφιλέκτων
744 2435 897 2523 όρωνκαέ
915 2437 1099 2524 προτάσεως
1120 2435 1198 2521 ἀληω

97 2537 156 2611 θὲς
179 2532 261 2617 όμοῦ
284 2535 339 2601 καί
369 2535 594 2622 ἀναντίρρητον
615 2539 647 2615 ἐξ
674 2537 809 2624 ἀνάγκης
838 2532 920 2605 εἶναι
939 2537 1048 2604 καὶτὸ
1071 2539 1196 2620 συμπέ-

98 2662 221 2722 ρασμα.
273 2636 327 2700 καί
357 2638 428 2717 τάχ’
453 2632 491 2700 ἀν
513 2639 663 2714 ἐξωθεῖτο
689 2642 744 2722 τῆς
774 2640 979 2722 ἑπισκοπικῆς
1003 2639 1093 2716 ἀξίοις
1116 2639 1195 2714 τότε,
1208 2657 1262 2711 8²

95 2738 125 2800 εἰ
143 2735 191 2820 μή
215 2737 316 2828 δειλίη
337 2739 393 2802 καί
409 2736 497 2822 φόβῳ
514 2739 686 2818 συσχεθεὶς
706 2737 799 2824 αὐτὸς
819 2736 1050 2826 ὑπερβάλλοντι
1066 2737 1122 2822 τήν
1136 2738 1196 2820 μὲν

92 3075 192 3137 putens
220 3080 252 3117 oo
278 3080 307 3117 se
325 3065 458 3134 refugium
482 3063 581 3116 bebere
609 3065 641 3118 etl
669 3065 861 3117 defensionem.
904 3065 983 3116 tertia
1008 3079 1097 3130 vero,
1123 3065 1193 3134 quod

93 3137 298 3203 Scorpionem
290 3153 341 3188 nnn
361 3137 443 3204 longo
465 3152 497 3188 ex
515 3143 635 3204 tempore
652 3145 803 3188 accusatum
823 3136 867 3205 qui
885 3137 983 3220 primes
1002 3151 1108 3202 semper
1128 3153 1193 3204 pnr-

92 3219 136 3262 tes
158 3211 185 3260 in
209 3208 315 3259 haeresi
335 3207 383 3259 illu
404 3215 561 3271 exerceret,
586 3215 613 3258 ct
639 3209 762 3274 inquom
784 3207 865 3258 multa
884 3207 982 3271 scriptu
1002 3205 1111 3276 vulgotn
1131 3215 1193 3259 sunt

93 3298 108 3333 u
129 3282 198 3333 viris
220 3280 246 3330 in
265 3286 355 3330 monte
376 3279 538 3364 praeclaris,
570 3294 638 3346 quoe
666 3279 752 3346 pelam
776 3286 802 3330 et
820 3277 905 3330 adbuc
926 3277 1045 3330 florentis
1067 3279 1193 3345 impietu-

92 3355 128 3405 tis
150 3366 209 3402 cum
229 3351 421 3415 convicerunt,
452 3352 511 3418 ipse
529 3364 634 3417 semper
661 3351 779 3420 protegit
800 3356 827 3400 et
847 3350 939 3401 incitat
962 3357 992 3400 ut
1009 3358 1192 3428 propugnator
1240 3404 1246 3419 ι

93 3425 137 3475 cui
158 3422 210 3488 ipsi
232 3437 285 3476 nou
304 3423 488 3490 impugnetur,
515 3428 541 3471 et
562 3429 591 3472 nt
611 3421 734 3473 columna
758 3421 939 3485 udententlno;
959 3422 1029 3489 quod
1050 3422 1126 3472 vocis
1127 3399 1191 3472 tn.

91 3494 205 3546 multum
228 3493 283 3545 edit
312 3501 338 3544 et
359 3500 455 3545 terrem
475 3491 552 3544 coelo
585 3495 739 3558 commiscet
765 3501 792 3544 et
819 3507 894 3544 more
918 3492 1069 3544 insanorum
1094 3494 1191 3545 mentis

91 3564 266 3617 stabilitatem
285 3572 376 3615 servet
398 3572 425 3615 et
443 3564 519 3633 graui
539 3567 723 3617 exsecratione
745 3564 899 3632 omnesqui
919 3565 989 3615 omui
1009 3565 1118 3615 crimine
1134 3579 1190 3619 „ve-

92 3639 138 3689 cui
159 3642 221 3689 sunt
243 3636 400 3687 condemnet
419 3643 561 3702 propterca
587 3637 656 3704 quod
676 3636 849 3701 Scorpionem
866 3650 994 3687 accusare
1013 3649 1067 3686 non
1086 3636 1189 3686 timent.

91 3715 187 3776 quarta
207 3707 341 3775 denique,
372 3707 441 3776 quod
469 3706 590 3757 adhunc
620 3707 688 3758 diem
711 3705 938 3772 comprehendere
963 3721 992 3756 se
1021 3705 1086 3756 dicit
1103 3705 1190 3756 solum

89 3777 285 3830 immutabilem
304 3786 330 3829 et
348 3778 494 3829 increatum
519 3778 611 3841 deum,
632 3776 722 3828 lumen
742 3776 853 3828 alterum
873 3782 900 3826 et
917 3777 1082 3839 inruentum,
1108 3783 1137 3827 ut
1156 3790 1190 3828 ex

89 3849 270 3904 translatione
294 3851 327 3901 ed
352 3848 499 3901 subiectum
529 3847 679 3914 proiectum
705 3846 833 3898 insolenti
857 3845 899 3897 illi
927 3853 953 3897 et
973 3847 1098 3898 (lementi.
1147 3846 1189 3899 his

89 3936 160 3974 vero
180 3929 208 3972 et
225 3919 312 3970 uliis'
306 3936 415 3988 insuper
433 3927 554 3986 tanquam
578 3917 804 3988 propositionibus
833 3916 945 3982 prolatis
965 3919 1073 3969 minime
1092 3917 1189 3983 dubiis,

88 4001 135 4046 ut
140 3999 348 4044 consentaneum
378 3999 418 4042 cst
449 3988 649 4050 conclusionem
676 4003 730 4040 uon
758 3987 862 4040 dubium
889 3989 1062 4054 adiecerunt,
1082 3989 1190 4041 scilieet

87 4066 159 4115 citro
185 4063 394 4114 controversiam
423 4077 497 4124 esse,
520 4075 577 4111 cum
599 4059 631 4110 ub
652 4061 727 4112 initio
757 4067 784 4111 et
802 4060 836 4111 etl
861 4059 888 4111 id
906 4066 1010 4127 tempus
1028 4060 1189 4114 Mesuliunue

88 4135 199 4187 hecresi
217 4134 349 4185 addictum
365 4134 459 4186 luisse.
497 4131 547 4182 hoc
567 4132 636 4182 enim
649 4133 753 4200 epiomo
774 4131 853 4182 valde
872 4131 1010 4198 probatum
1031 4139 1071 4184 est
1091 4137 1118 4181 et
1139 4145 1188 4180 ex.

86 4207 174 4259 ternis
195 4211 222 4256 et
239 4206 348 4270 nostris,
362 4205 505 4273 magistris,
526 4204 628 4255 everis
644 4210 671 4254 et
688 4217 742 4254 non
755 4203 886 4270 ambiguis
899 4201 1125 4270 propositionibus
1137 4216 1188 4252 ve.

84 4293 144 4332 ram
163 4285 191 4329 et
210 4275 362 4328 evidentem
380 4275 579 4328 conclusionem
598 4273 752 4326 necessario
773 4275 912 4343 consequi.
932 4275 1100 4343 quemobrem
1120 4273 1188 4326 torte

182 4369 347 4444 Νίυιμλοτντ
366 4371 475 4444 (ἕτερον.
502 4367 556 4426 tot.
577 4369 632 4426 111.
956 4370 991 4426 ³5
