2992 4918
257 345 262 354 ·
310 303 534 376 nrsroaran
562 301 820 386 nummula
843 306 937 378 xxv.
955 291 1023 378 tt.
1169 301 1218 374 aa

133 472 188 538 τοῖς
209 466 348 550 εὐσεβεῖν
371 471 551 534 ἐθέλουσιν·
596 465 655 536 dou
681 472 709 536 d'
733 475 778 546 είς
798 470 871 546 τοός
893 464 1139 556 δημιουργικυός
1159 468 1220 531 τῶν

132 555 217 627 όντων
237 565 332 649 eyter
355 569 522 660 ἐπορεύετο
543 567 669 652 λόγους,
694 575 796 636 ταῦτα
820 572 890 634 ιλΗ
869 573 1014 651 ασμίνως
1036 565 1219 633 παντόπασι

128 663 205 740 μάλα
228 671 383 748 προσίετο.
438 662 566 733 κόκεῖνα
598 673 633 734 δὲ
665 674 723 756 rori
756 670 801 753 μή
830 666 1056 735 κλονεῖσθαι“
1040 691 1130 732 ενεκα
1153 674 1218 740 τοϊς

129 768 194 847 περί
224 764 261 830 τό
295 769 425 834 τοιαῦτα
457 779 594 851 κομψοῖς
627 773 690 834 τῶν
712 773 780 836 ἐκεῖ
805 775 974 856 Λατίνων,
995 771 1051 850 ξόν
1074 793 1108 851 γε
1131 768 1217 854 αὐτῷ

100 859 201 950 ὅριηγί,
220 871 274 934 ουίι
296 874 565 958 ἐρραθυμημένην
583 871 654 938 revel
678 872 733 956 τήν
754 871 896 956 σπουδὴν
909 874 953 960 τῷ
974 874 1083 961 τοιῷδε
1106 865 1217 934 διδόν-

125 992 181 1031 των
198 974 285 1053 μέρει
307 975 363 1056 τῆς
384 976 515 1056 τέχνης,
553 969 610 1039 ἅτε
633 979 734 1058 α’γχου
771 976 832 1040 τῶν
856 978 1042 1058 Αἰγυπτίων
1068 969 1217 1058 Ἀρόβων

125 1060 228 1148 όντων,
259 1073 314 1137 καί
340 1072 445 1158 συχναὶ
485 1077 540 1144 καί
565 1074 746 1141 διαπόντιον
777 1075 809 1150 ἐς
830 1077 885 1140 τόν
915 1073 999 1161 ῥῆγα
1028 1072 1086 1158 τὴν
1107 1066 1217 1158 ἄφιξιν

124 1177 312 1255 ποιουμένων
333 1178 458 1257 λογικῆς
472 1199 506 1238 τε
522 1175 650 1253 ὁμιλίας
669 1180 757 1240 ἓνεκα
777 1180 831 1240 καί
851 1173 918 1257 ἅμα
935 1177 1128 1264 φιλοτιμιάς,
1150 1197 1218 1252 μα-

121 1272 192 1354 κρόν
215 1275 445 1360 ἐπισυρομένης
466 1276 501 1337 τό
529 1275 733 1341 ἐπιδεικτικὸν
755 1275 1070 1360 Ἀρόβωνέκείνων,
1092 1265 1135 1338 τόν
1159 1270 1215 1336 τόν

76 1368 237 1440 λθόπαντα
259 1378 331 1455 βίον
354 1380 540 1460 α’πασχσλεῑ,
563 1375 638 1443 είτί
658 1401 719 1442 που
742 1380 795 1463 τῆς
817 1377 917 1440 πάλαι
934 1378 1120 1455 Χαλδαϊκὴς
1143 1375 1215 1436 ἐπι-

116 1469 232 1558 στήμης
256 1479 455 1542 ἐλλέλειπται
477 1481 655 1560 σωζόμενον
675 1475 721 1544 ἔτι
746 1487 885 1565 σημεῖον.
927 1477 1065 1564 ἔφασκον
1086 1474 1145 1559 γὰρ
1170 1473 1213 1549 ιός

115 1573 182 1640 ἐπεί
200 1573 238 1640 τό
259 1575 321 1642 όπό
344 1583 465 1661 γένεσιν
485 1577 585 1646 πόντα
598 1584 654 1644 καί
677 1584 790 1666 φθίσιν
808 1585 846 1668 τῇ
857 1583 918 1645 τῶν
940 1577 1098 1660 οὐρανίων
1122 1574 1224 1652 ποιό-,

115 1701 179 1762 τρτι
200 1679 255 1742 καί
274 1678 394 1764 κινήσει
426 1681 561 1764 πόσχειν
582 1706 615 1746 τε
633 1686 690 1747 καί
711 1685 939 1747 εἰέοπυιεῖσθαι
969 1676 1045 1762 πρός
1072 1680 1128 1744 τοῦ
1154 1679 1215 1762 δρ-

114 1780 364 1863 μιοοργήσαντυς
386 1777 523 1867 ιόριστο,
552 1787 604 1846 καὶ
635 1791 699 1860 τοῖς
722 1786 847 1848 ἐκείνων
879 1789 1153 1866 συσχηματισμσῖς
1180 1802 1213 1842 τε

75 1883 165 1948 ιᾱκαί
185 1891 254 1956 ταις
266 1907 346 1965 προς
358 1909 505 1965 ταπιγεια
524 1881 760 1949 συνοικειιόσεσι
782 1883 815 1947 τό
840 1880 913 1970 ῥευν
933 1881 1110 1966 τῆςόλικῆς
1124 1876 1215 1944 ποιό-

112 2003 200 2062 τητος
223 1975 295 2048 οἷον
315 1989 535 2065 νομοθετειιαί
555 2009 588 2048 τε
612 2009 665 2048 και
661 1979 891 2069 ῥυθμίζεται,
910 1983 1029 2066 α’νόγκη
1049 1980 1093 2064 μὴ
1115 1977 1215 2044 θότε-

111 2105 162 2198 ρον
182 2085 242 2164 μὲν
263 2085 382 2148 εἰδέναι
403 2110 474 2168 περι
489 2110 606 2160 παντος
623 2090 796 2166 ποιεισθαι,
816 2081 996 2167 θότερυνδ’
1014 2075 1063 2144 od.
1107 2074 1210 2162 ἤγόιρ
1241 2087 1245 2094 ’

110 2175 148 2245 όν
166 2182 275 2266 γωλόν
289 2189 436 2266 βαδίσειε
455 2188 564 2270 τρίβον
581 2189 636 2269 τῆς
657 2183 830 2303 ἐπιστήμης
854 2182 889 2260 ὃς
912 2177 951 2248 σ’ίν
974 2182 1051 2266 μήτε
1071 2205 1114 2266 τῳ
1100 2183 1213 2244 θεω-

107 2309 222 2374 ρητικιρ
244 2282 415 2352 συνάπτειν
453 2285 547 2375 lette,
572 2283 605 2353 τό
630 2284 802 2368 πρακτικόν
827 2282 900 2370 μήτ’
934 2312 975 2350 cv
962 2278 1125 2370 θατέρῳ
1146 2277 1212 2346 θό-

70 2393 211 2468 toronos.
255 2390 313 2470 τῆς
346 2389 407 2473 γάρ
432 2411 482 2453 τοι
506 2389 699 2474 φιλοσοφίας
730 2384 848 2464 ἐντοῖς
875 2388 951 2450 δυσί
972 2380 1092 2460 ταότσις
1113 2381 1212 2448 εἴδεσι

108 2487 354 2572 θεωρουμένης,
391 2489 549 2576 σχολῇ’
520 2514 539 2608 γ
579 2480 618 2553 όν
640 2487 732 2564 τούς
749 2487 860 2571 λόγους
892 2489 980 2572 γνοίη
1015 2488 1076 2550 τῶν
1100 2473 1212 2607 όντων,

108 2587 224 2650 πολλοῦ
249 2581 327 2651 δ’
304 2612 343 2651 αν
366 2591 432 2653 δεῖν
457 2590 537 2654 κατιί
558 2586 593 2653 τό
622 2591 741 2663 ἐντελὲς
776 2591 930 2674 κληθῆναι
962 2584 1080 2672 σοφόν,
1111 2574 1135 2676 ᾧ
1165 2579 1210 2669 μή

108 2869 253 2934 praelixam
273 2867 457 2936 egrediuntur,
476 2883 508 2919 ea
526 2866 700 2920 aversabatur
728 2875 754 2918 et
776 2865 976 2919 abominabatur
998 2875 1028 2920 ut
1052 2866 1096 2934 pic
1115 2867 1210 2920 rivere

108 2937 267 2992 volentibus
285 2937 452 3002 insalubria3
472 2953 649 3007 quaecunque
668 2946 761 2990 contra
779 2938 812 2991 ad
830 2953 918 2991 rerum
925 2940 1130 3006 mticnesatque
1143 2953 1210 2989 can..

107 3025 153 3062 aas
170 3010 263 3063 sobrie
281 3017 362 3078 atque
380 3010 516 3062 moderate
534 3010 697 3079 indagandas
715 3010 860 3077 pertinent,
881 3025 913 3061 ea
932 3009 1209 3062 lubentissimeadmi.

107 3084 143 3134 sit
163 3097 195 3134 eo
216 3081 325 3150 quidem
345 3079 479 3145 consilio,
498 3095 533 3132 ne
553 3081 756 3134 conturbaretur
774 3082 887 3150 argutiis
906 3081 1073 3145 Latinorum,
1099 3081 1145 3148 qui
1170 3080 1208 3131 ibi

106 3152 240 3216 incolunt,
262 3161 289 3204 et
307 3153 381 3220 regis
401 3153 496 3220 ipsius,
516 3154 562 3222 qui
581 3154 608 3204 in
626 3153 676 3204 hac
696 3154 835 3206 doctrinae
856 3162 932 3220 parte
951 3168 1006 3204 non
1024 3152 1209 3220 levemquau.

105 3225 164 3276 dam
185 3233 267 3292 atque
285 3224 566 3289 mediocremoperam
585 3226 729 3289 insumunt,
750 3226 849 3292 quippe
873 3225 1087 3293 quambegyptii
1105 3223 1208 3282 Arabes

106 3311 140 3346 ex
158 3296 310 3363 propinquo
331 3294 424 3346 crebro
444 3295 476 3346 ad
496 3310 587 3364 regem
606 3311 654 3362 per
672 3311 745 3347 mare
762 3296 965 3362 proficiscantur
983 3296 1077 3348 doctae
1088 3295 1209 3361 disputa-

104 3368 185 3418 tionis
200 3375 227 3416 et
246 3366 398 3418 ambitionis
417 3380 506 3430 causa,
525 3381 579 3418 non
603 3367 661 3419 sine
686 3383 781 3434 magna
804 3366 853 3418 illa
876 3369 1055 3420 ostentatione
1073 3366 1208 3431 Arabum,

107 3439 153 3506 qui
174 3445 257 3488 totam
277 3437 358 3489 vitam
377 3439 405 3487 in
425 3452 457 3488 co
479 3447 583 3503 ponunt
596 3438 727 3502 studium,
747 3447 775 3490 ut
795 3438 936 3506 indagent,
961 3438 985 3490 si
1009 3439 1080 3508 quod
1105 3439 1206 3490 veteris

107 3509 269 3562 chaldaicae
288 3508 425 3560 doctrinae
444 3507 531 3560 adhuc
550 3509 693 3576 vestigium
713 3517 845 3561 serretur.
884 3509 1007 3561 dicebaut
1028 3511 1108 3573 enim,
1128 3524 1208 3576 quum

107 3580 139 3631 ab
160 3580 260 3646 opifice
279 3579 415 3631 delinitum
436 3587 517 3643 esset,
536 3588 565 3632 ut
583 3581 680 3644 omnia,
701 3596 768 3647 quae
790 3581 911 3631 oriuntur
932 3588 958 3631 et
976 3581 1120 3645 intereunt,
1141 3594 1207 3631 coc-

107 3650 214 3704 lestium
239 3651 355 3704 siderum
380 3647 508 3718 qualitate
535 3659 561 3702 et
580 3659 654 3701 motu
679 3651 864 3704 efficerentur
877 3659 903 3702 et
927 3651 1103 3704 formarentur
1129 3660 1209 3718 atque

108 3738 198 3774 eorum
218 3720 446 3774 collocationibus
466 3737 496 3772 ac
516 3722 674 3786 rationibus,
693 3738 764 3791 quac
782 3723 815 3773 iis
845 3729 904 3773 cuni
934 3722 1013 3774 rebus
1037 3720 1208 3775 terrestribus

108 3793 317 3856 intercederent,
339 3789 437 3842 llumen
456 3794 584 3844 materiae
604 3795 680 3862 quasi
698 3793 804 3860 legibus
823 3801 964 3861 regeretur
984 3801 1010 3844 et
1018 3793 1152 3844 modulate
1160 3808 1208 3844 or

107 3865 256 3929 diuaretur,
274 3878 442 3930 nequaquam
461 3863 539 3916 nobis
558 3865 715 3916 studendum
734 3880 804 3930 esse,
825 3873 854 3917 ut
872 3863 957 3916 altero
982 3863 1109 3933 neglecto
1137 3863 1208 3916 altc-

106 3952 160 3988 rum
188 3943 294 3988 tantum
318 3949 552 4002 cognosceremus.
597 3951 702 3986 caecam
728 3936 797 3987 enim
821 3937 950 4018 quandam
975 3936 1112 3987 doctrinae
1139 3935 1210 3990 viam

107 4007 230 4076 ingredi,
251 4006 298 4074 qui
322 4021 374 4055 nec
399 4019 457 4056 cum
484 4004 668 4074 speculatione
695 4007 788 4073 praxin
819 4007 983 4076 coniungere
1008 4005 1094 4058 vellet
1120 4021 1209 4073 neque

108 4094 164 4130 oum
189 4079 280 4131 altero
300 4074 422 4127 alterum
461 4093 539 4145 quum
566 4079 636 4128 enirn
661 4079 689 4127 in
708 4077 809 4129 duobus
829 4077 904 4136 hisce
921 4077 1065 4161 generibus
1083 4077 1208 4158 philoso-

107 4149 183 4215 phiae
206 4146 400 4214 contemplatio
421 4156 590 4214 versaretur,
617 4164 675 4199 eum
695 4147 763 4201 baud
782 4163 847 4201 saue
865 4165 952 4201 rerum
975 4150 1093 4201 rationes
1111 4147 1208 4216 cogni-

107 4226 191 4274 turum
211 4228 240 4273 et
251 4217 365 4272 multum
378 4217 484 4284 abesse,
506 4219 680 4288 utperlectua
700 4221 805 4287 sapiens
821 4218 951 4288 appellari
971 4229 1072 4287 posset,
1091 4220 1137 4289 qui
1153 4231 1208 4270 nou

195 4327 363 4400 Νίσερλοτυι
388 4329 498 4400 (ἕτερον.
524 4327 579 4384 Vol.
598 4329 652 4384 111.
1011 4330 1029 4384 3
