2952 4902
233 383 454 458 arsroaun
481 363 1080 456 nmlmrulaxxvrr.ll-tl.
1165 374 1235 462 sos

139 559 207 638 μείς
229 550 468 630 ταλαντεύεται,
494 539 570 613 όταν
591 548 714 636 ἀναστῇ
736 554 843 628 κρῖναι
864 545 920 628 την
942 551 1020 628 γῆν,
1040 544 1096 630 την
1118 543 1236 628 βουλίην

139 658 190 720 καί
207 652 245 719 τό
259 650 338 735 ἔργα
359 648 514 736 συνύγων,
535 654 592 713 καί
603 652 730 732 γυμνῶν
745 646 781 714 τό
805 651 1043 734 ἐσφραγισμένα
1059 650 1133 729 παρ’
1148 639 1236 732 αύτῷ

139 763 191 823 καί
211 755 406 836 σωζόμενα.”
457 757 488 820 εἰ
515 756 550 818 δὲ
579 750 622 836 μη
640 752 840 838 -πεφόνευκεν
866 750 967 825 εύθύς
990 749 1302 833 χειρωσόμενος,ιο

139 859 172 924 τί
187 860 298 938 τοῦπος
319 859 445 938 πρῶτον
467 857 526 934 μὲν
549 851 610 936 γὰρ
634 853 674 915 ου’
694 851 801 935 χρεων
824 851 900 916 α’ντί
921 854 985 914 των
1008 854 1236 933 πεπραγμένων

109 960 243 1022 uuanda
264 954 301 1021 τό
322 953 367 1038 μη
393 956 596 1037 πεπραγμένα
620 948 873 1036 προβάλλεσθαι·
927 941 964 1015 ού
985 951 1043 1033 γάρ
1064 974 1110 1024 τις
1134 951 1236 1014 οἰκίαν

136 1054 318 1141 ἐμπρήσας,
349 1050 400 1118 ότι
420 1052 464 1137 μη
494 1051 585 1117 πόλιν
614 1047 690 1136 ὅλην
721 1053 912 1136 ἐνέπρησεν,
944 1053 1051 1126 οἶθιύος
1072 1053 1160 1130 μένει
1183 1051 1240 1131 τῆς

133 1160 306 1234 κολάσεως.
329 1155 478 1237 δεύτερον
500 1157 544 1240 δέ,
565 1155 606 1218 ου’
624 1153 686 1237 γύρ
709 1158 829 1235 μᾶλλον
853 1150 906 1216 διό
932 1150 1068 1235 θύτερσν
1090 1148 1240 1234 φεύξεται

132 1257 274 1342 θύτερον
294 1255 314 1341 ἢ
337 1260 380 1322 δι’
403 1253 586 1341 α’μφότερον
606 1260 761 1339 τιμωρίαν
793 1252 927 1340 ὀφλήσει
958 1252 1014 1334 τήν
1035 1255 1158 1338 μείζω,
1191 1246 1238 1327 οἷς

133 1363 228 1426 τούτο
251 1363 310 1440 μὲν
333 1355 433 1434 αύτός
465 1356 580 1442 ἔδρασε
600 1362 669 1438 νύν,
694 1361 791 1422 ε’κεῖνο
825 1359 859 1420 δὲ
881 1358 986 1439 θύραν
1009 1348 1115 1428 ἅλλοις
1137 1357 1238 1442 α’νέφ-

89 1480 124 1535 10
133 1486 200 1546 yso,
219 1457 300 1549 ἔργῳ
322 1459 483 1540 διδάσκων
519 1456 558 1524 τό
578 1461 679 1538 μειζω
702 1461 756 1523 καί
777 1461 851 1522 καθ’
882 1453 955 1542 ύλης
980 1459 1158 1538 τολμᾶσθαι
1181 1461 1236 1538 τῆς

133 1563 255 1636 πόλεως
278 1558 467 1645 λεληθότως,
490 1557 579 1636 εἴτις
601 1560 788 1643 προδιδόναι
809 1555 975 1640 βούλοιτο·
1016 1554 1238 1641 συγκεχώρηκε

131 1661 198 1748 γὰρ
223 1651 418 1740 τούλαττον,
440 1659 491 1724 ἵνα
515 1659 613 1734 αύτύς
646 1663 704 1738 μὲν
736 1661 873 1747 κερδόνη
903 1660 935 1724 τὸ
956 1661 1082 1740 μείζον,
1106 1657 1180 1742 ἡμῖν
1203 1659 1239 1722 δὲ

131 1760 211 1837 τούς
233 1764 453 1847 μακροτέρους
475 1757 670 1848 ἐπικρεμύσῃ
694 1762 865 1835 κινδύνους.
889 1763 913 1800 “
937 1765 1041 1848 πολλῷ
1063 1758 1123 1842 γάρ
1149 1753 1329 1841 ἥδιονί.136
1344 1786 1369 1825 κ.

134 1859 223 1942 ἅπαξ
247 1861 322 1944 ἐμοί
340 1885 375 1945 γε
411 1858 480 1928 τότε
509 1865 643 1942 θανεῖν,
676 1857 697 1944 ἢ
729 1862 833 1938 ζαῖντα
865 1863 1026 1926 δουλεύειν
1057 1857 1176 1944 ἑτέροις
1203 1860 1238 1926 ἒν

87 1990 122 2044 15
133 1967 251 2052 σι’δυξίρι
273 1965 425 2048 διηνεκῶς
447 1961 503 2026 καί
523 1965 700 2038 πολυειδεῖς
722 1965 795 2026 καθ’
817 1963 907 2046 ἡμῶν
927 1949 1138 2042 πλεκσμὲνσυς
1159 1959 1239 2044 όριῖν

131 2065 209 2140 τούς
245 2067 302 2128 τού
331 2063 475 2128 θανάτου
509 2062 669 2146 βρόχους·
724 2059 804 2129 εἶναι
826 2064 886 2148 γιὶρ
909 2065 964 2128 καί
987 2067 1130 2128 θανάτου
1155 2061 1239 2144 ζωήν

132 2189 237 2252 φασιν
252 2167 473 2247 πικροτέραν,
504 2161 596 2230 δπότε
619 2170 745 2248 μυρίων
778 2163 860 2251 αύτη
888 2168 979 2249 γέμει
1002 2166 1161 2244 θανάτων,
1186 2166 1241 2227 καί

131 2265 276 2332 θάνατον
299 2258 398 2338 αύθις
422 2262 609 2350 αύθημερον
631 2271 764 2350 κρείττω
789 2270 891 2348 ζωῆς,
913 2267 1042 2343 ἀδοξίαν
1063 2269 1117 2328 καί
1138 2260 1239 2337 λύπας

132 2367 235 2448 αυέἦς
256 2363 496 2450 ἀφαιρούμενον
518 2372 573 2432 καί
594 2365 833 2433 συνθόπτσντα.
885 2368 965 2456 λόγῳ
986 2371 1045 2448 μὲν
1065 2365 1126 2448 γὰρ
1149 2366 1303 2449 σπη’-Η

84 2487 212 2552 poppae
236 2467 354 2546 ζῶντας
382 2463 487 2549 ἡμᾶς,
517 2470 555 2532 ἵν’
594 2469 680 2558 αύτηῖ
702 2467 820 2552 πιθανή
852 2471 907 2553 τῆς
942 2467 1187 2554 φιλανθρωπίας
1219 2465 1238 2550 ἢ

131 2569 298 2652 πρόφασις
319 2559 349 2654 ᾗ,
373 2571 569 2656 καυχωμένη
596 2568 691 2634 ταυτί
720 2569 774 2633 διὰ
809 2570 953 2653 κηρύκων
976 2592 1009 2632 τε
1040 2570 1095 2631 καί
1113 2565 1242 2631 ἐπιστο-

132 2671 201 2734 λυῖν
237 2664 317 2749 πρός
350 2661 435 2732 ἅπαν
462 2665 555 2744 ἔθνος
588 2663 662 2735 όσον
692 2667 821 2755 ἐφικτόν
851 2668 909 2735 σύν
941 2670 1028 2750 μύλα
1061 2669 1170 2756 μακρᾷ
1202 2669 1243 2754 τῇ
1321 2746 1324 2754 ¹

132 2771 263 2856 σπουδῇ
283 2770 339 2832 καί
361 2762 498 2857 δαπύνη,
519 2767 599 2862 ἔργῳ
622 2775 658 2838 δὲ
679 2769 756 2846 τούς
780 2774 936 2846 δεσπότας
960 2767 1043 2853 ἔχων
1065 2768 1098 2836 ἐν
1121 2771 1245 2852 ἄνδρα-ι

135 3027 241 3079 trntina
261 3024 482 3077 examinabantur
499 3040 515 3077 a
534 3027 584 3078 deo
602 3028 625 3080 si
644 3029 750 3079 venerit
767 3026 867 3078 iudicia
882 3025 981 3078 laturus
1000 3025 1107 3088 mundo,
1126 3031 1241 3076 montem

134 3105 256 3150 nostram
276 3112 369 3148 acres
388 3105 477 3164 gestas
505 3099 668 3150 conferendo
698 3107 724 3150 et
752 3113 820 3167 quae
840 3098 908 3165 apud
933 3113 962 3150 se
991 3098 1110 3163 reposita
1135 3101 1243 3148 suntet

137 3176 280 3221 asservata
306 3169 515 3236 depromendo.”
557 3171 723 3238 quidnam,
751 3171 773 3221 si
799 3169 847 3220 ille
871 3185 924 3221 non
954 3167 1087 3235 extemplo
1114 3183 1162 3235 per
1188 3167 1241 3217 vim

138 3241 250 3292 caedem
270 3237 359 3291 lecit?
395 3242 507 3307 primum
525 3240 600 3293 nulla
624 3250 665 3294 est
683 3257 762 3293 cansa
788 3257 834 3293 cur
856 3254 904 3307 pro
932 3240 1091 3309 perpetratis
1111 3239 1242 3290 facinori.

137 3311 189 3364 bus
211 3325 281 3378 quae
304 3326 358 3362 non
388 3319 540 3378 perpetrata
568 3315 622 3364 siut
649 3313 824 3381 proferamus.
871 3328 960 3381 nequo
986 3313 1055 3362 enim
1076 3312 1121 3379 qui
1139 3310 1241 3360 domum

137 3383 261 3436 incendit
290 3383 360 3450 quod
396 3397 448 3434 non
474 3391 555 3434 totam
580 3384 671 3435 urbem
692 3385 810 3436 incendit
829 3399 929 3436 vacuus
954 3398 1041 3451 poena
1060 3391 1109 3435 est.
1148 3381 1243 3432 deiude

138 3462 239 3517 autem,
259 3468 314 3505 non
333 3463 442 3520 propter
461 3453 572 3505 alterum
593 3455 684 3524 lugiet
697 3455 819 3520 alterum,
839 3455 886 3507 sed
904 3457 993 3522 potius
1012 3462 1124 3521 propter
1140 3462 1243 3504 utrum.

138 3542 192 3595 qua
211 3539 314 3592 poenas
333 3526 448 3576 maiores
467 3525 565 3578 solvet.
613 3543 673 3578 nam
693 3528 763 3595 quod
790 3527 868 3578 modo
887 3529 945 3593 ipsc
965 3527 1094 3577 commisit
1113 3526 1244 3592 idipsum

137 3604 242 3666 portam
263 3595 376 3648 reclusit
406 3597 475 3648 aliis.
517 3613 616 3650 summa
641 3598 761 3650 conando
788 3600 865 3650 etlam
896 3600 922 3650 iu
946 3606 1026 3650 totam
1056 3597 1147 3648 urbem
1177 3596 1245 3650 alios

139 3669 268 3738 praeivit,
288 3683 377 3735 neque
396 3683 457 3718 num
478 3671 537 3735 quis
557 3671 700 3742 aliquando
723 3685 778 3721 eam
797 3671 949 3738 proditurus
969 3678 1040 3722 esset
1053 3669 1140 3719 animo
1162 3683 1247 3735 τερα..

138 3741 217 3792 tavit.
243 3738 304 3790 aliis
327 3753 413 3805 pauca
431 3741 536 3806 quidem
557 3744 691 3794 concessit
706 3742 753 3794 sed
771 3743 833 3794 iudo
853 3749 881 3793 ut
899 3743 958 3808 ipse
978 3741 1091 3808 plurima
1111 3740 1247 3791 commoda

137 3813 288 3878 acciperet.
326 3810 403 3862 nobis
423 3826 487 3863 sanc
507 3829 605 3866 summa
625 3813 745 3880 pericula
763 3812 871 3866 immisit
890 3820 917 3864 et
934 3827 984 3881 ego
1003 3811 1116 3864 antebac
1135 3819 1247 3862 mortem

138 3882 301 3934 occubuisse
328 3881 418 3932 malim
446 3899 522 3950 quam
545 3887 670 3936 continuo
697 3899 768 3936 nunc
788 3885 848 3936 aliis
868 3885 980 3951 turpiter
1006 3883 1110 3935 servire
1130 3891 1157 3934 et
1173 3884 1248 3934 varia

138 3969 209 4023 quae
227 3953 307 4004 nobis
326 3953 501 4006 admoventur
521 3958 613 4008 mortis
633 3963 763 4007 tormenta
789 3963 850 4007 aute
875 3955 968 4008 oculos
994 3955 1103 4006 habere.
1142 3962 1247 4006 constat

138 4027 211 4076 enim
231 4033 318 4075 morto
339 4026 421 4076 vitam
443 4027 609 4079 acerbiorem
630 4043 689 4079 esso
709 4043 789 4095 quum
807 4028 882 4080 mille
905 4029 997 4079 mortis
1018 4026 1178 4078 cruciatibus
1198 4041 1245 4076 re.

137 4095 212 4164 plata
231 4097 284 4158 sit,
311 4104 404 4147 contra
422 4097 533 4150 subitam
559 4108 668 4151 mortem
690 4101 744 4150 vita
764 4101 899 4152 meliorem
926 4115 1005 4168 quum
1025 4100 1082 4149 eius
1101 4097 1247 4163 turpitudi.

136 4179 200 4219 nem
220 4176 247 4218 et
265 4169 401 4219 tristitiam
420 4168 499 4221 tollat
519 4179 545 4223 et
563 4185 651 4223 secum
672 4171 794 4237 sepeliat.
814 4171 863 4224 illc
883 4172 951 4222 enim
970 4169 1052 4222 verbo
1073 4170 1177 4236 quidem
1198 4180 1248 4216 uos
1337 4193 1338 4196 =

138 4241 268 4308 protexit.
292 4239 380 4308 ,quod
396 4248 425 4291 ut
448 4251 545 4293 certam
563 4242 732 4295 liberalitatis
752 4259 816 4296 snae
834 4244 952 4310 speciem
971 4242 1083 4294 haberet
1102 4255 1150 4306 per
1168 4251 1250 4304 prae.

140 4325 224 4364 conos
243 4319 270 4363 ct
290 4312 398 4366 litteras
433 4329 509 4380 quam
534 4315 675 4368 celerrimo
700 4323 726 4366 et
751 4329 807 4367 cum
838 4323 947 4382 sumptu·
968 4311 1081 4381 singulis
1102 4309 1251 4380 quibusque
