2880 4910
653 83 670 124 b

177 332 398 464 macomus
423 333 680 402 samonum
708 335 801 400 xxx.
820 314 1005 414 ou-as.
1072 327 1144 402 αισ

74 490 102 583 ἦν
117 493 301 583 καόέοεοι,
329 496 405 571 θεός
435 494 569 579 ἰσχυρός
592 497 712 570 δίκαιος
742 487 903 578 άκειοεος,
931 492 1068 580 άληθεια
1092 519 1146 562 σο-

75 604 117 683 φόα
136 599 267 678 δόναμις
289 594 352 681 ζωη
376 600 444 684 φάς
468 599 610 680 ἐνέργεια
631 601 685 662 καί
704 594 740 662 τά
765 600 905 668 τοιαῦτα.

116 700 233 781 Ἐπεόγε
245 695 309 780 μην
322 701 356 763 ἐκ
371 701 432 764 πάν
445 700 565 764 οἰκεόων
579 695 730 781 ῥημάτων
746 721 778 763 τε
794 700 850 761 καί
860 701 1055 781 γραμμάτων
1071 695 1146 765 άλι-
1156 723 1212 776 04

72 801 199 880 σκόμενον
223 797 237 863 ό
258 800 423 886 Παλαμάς
443 795 563 866 ἑαυτόν.
575 792 660 883 ἓιόρα
679 801 838 883 διηνεκῶς,
854 797 934 862 “οι’κ
954 802 988 864 όν
1008 798 1149 884 dinco?

56 901 159 986 όφησόν,
175 896 265 963 “odo’
286 895 393 975 άπλῶς
413 903 446 964 όν
465 896 665 982 γράμμασιν,
687 894 756 963 άλλ’
777 902 810 964 ἐν
832 895 1014 982 πράγμασιν
1026 899 1147 984 ἧμαόνῆ

71 1002 195 1080 εόσόβεια
216 997 295 1064 κατά
312 997 388 1075 νοός
402 997 597 1082 θεολόγοος.”
618 998 733 1084 μικρόν
754 992 811 1065 σόν
830 997 971 1081 ἑπιοχιόν
991 999 1148 1084 δΓρηγο-
1225 1073 1228 1076 ,

70 1095 205 1183 postem)
229 1097 305 1166 :²0:3¹¹
341 1104 438 1185 φηοόν
464 1096 539 1184 “τη”ς
568 1097 789 1185 άβελεηριάς.”
836 1099 891 1163 καό
919 1098 1043 1164 άπιδιόν
1067 1101 1147 1182 πρὸς

71 1198 153 1288 οότόν
165 1194 251 1264 “eisc
274 1200 446 1276 ἐλάνθανες
473 1199 574 1285 ἡμᾶς’
603 1202 684 1285 φηοό
700 1194 924 1284 “λασιόκωφός
954 1225 1002 1275 τις
1032 1195 1075 1268 σόν
1093 1199 1149 1266 καί

71 1298 181 1383 όνηκοος
203 1303 259 1364 καό
278 1300 463 1366 παντάπασι
483 1305 539 1387 τῆς
562 1303 626 1365 τοῖν
647 1304 743 1365 θεόων
763 1304 897 1385 γραφῶν
911 1302 1147 1384 διδασκαλικῆς

13 1470 16 1483 Ι
42 1394 160 1483 libentis
177 1423 207 1464 ιε
241 1401 296 1464 καὶ
326 1399 550 1486 πανηγύρεως,
577 1405 631 1466 καό
652 1401 916 1484 μεσεγκεντρόζων
946 1404 979 1478 ἐξ
1001 1402 1146 1481 άμαθόας

10 1587 11 1590 ¹
69 1495 184 1565 άλλοθεν
215 1499 329 1566 άλλοθι
362 1501 418 1567 τὸν
452 1496 578 1569 ἅπαντα
610 1505 683 1568 νοῦν
714 1499 769 1566 καό
794 1500 911 1566 σκοπόν
930 1506 986 1586 τῆς
1007 1507 1145 1587 γραφῆς.

9 1593 12 1608 ”
67 1605 143 1666 ιοόιο
159 1600 257 1686 γάρό
279 1606 378 1685 με’γας
401 1606 433 1668 ἒν
456 1607 604 1690 θεολογόφι
625 1601 739 1689 φάσκει
760 1603 791 1668 Γ
788 1596 945 1688 ρηγόριος,
965 1602 1004 1669 τά
1028 1609 1146 1670 Διονν-

69 1705 116 1787 σιἰρ
135 1705 173 1787 τῷ
194 1707 271 1789 θείῳ
306 1705 462 1784 λεχθέντα
497 1703 788 1786 διαβεβαιούμενος,
814 1697 919 1785 οἶμαι,
942 1707 998 1769 καί
1017 1729 1147 1788 σογχω·
1201 1723 1204 1733 ·

69 1803 121 1881 ράν
151 1806 202 1866 καί
237 1800 331 1878 αόεός
367 1795 422 1868 xci
451 1802 546 1870 οἷονεί
582 1802 834 1889 προτρεπόμενος
869 1795 1051 1893 οἰκονομικῷ
1084 1802 1147 1871 πινό

40 1900 156 1988 Ιότρόπφ
177 1905 294 1988 καιροῦ
313 1907 484 1982 καλοῦντος
507 1905 586 1989 πρὸς
603 1904 678 1981 σούς
706 1907 766 1970 τῶν
786 1903 944 1990 όμιληεεόν
969 1905 1147 1990 διαφόρους

67 2000 245 2084 πάςγνσόμας
268 2009 323 2068 καί
335 2006 465 2086 γνοόοεις
486 2009 675 2088 κεχρῆσθαι,
698 2003 753 2069 καό
771 2004 886 2089 μικρόν
899 2007 1059 2070 ἐνδιδόναι
1083 2016 1148 2081 τοῖς

14 2156 18 2165 .
69 2103 217 2187 όιοφόρόις
240 2106 302 2169 τῶν
324 2103 517 2193 προσιόντων
539 2100 634 2192 ἤθεσι
647 2110 688 2170 δι’
705 2108 843 2191 α’ναγκην
856 2105 967 2187 όνόσεε,
985 2099 1066 2170 άόσεε
1089 2103 1147 2188 την

68 2199 95 2266 ἑν
112 2212 168 2278 τοῖς
196 2206 331 2289 καιρόοις
361 2209 415 2290 τῆς
446 2209 580 2284 πόσπεως
603 2207 791 2289 όμολογιάν,
821 2209 852 2270 εἰ
876 2209 931 2270 καί
949 2204 993 2290 μη“
1018 2209 1210 2288 λέξεοιν,“

68 2299 134 2368 άλλά
152 2330 184 2388 γε
204 2315 275 2381 ταῖς
299 2310 434 2382 ἐνενόεις
446 2305 664 2392 φυλάσσεσθαι
677 2304 896 2387 άπαράβοεον.
940 2309 973 2370 όν
999 2297 1044 2379 οἷς
1065 2307 1147 2380 ε’ξεῖ-

37 2402 114 2468 moal
126 2429 199 2490 φησι
220 2410 313 2492 τήνδε
338 2402 357 2492 ἢ
377 2406 470 2489 κη’νδε
489 2408 546 2491 την
561 2410 642 2486 λέξιν
665 2411 720 2470 καί
740 2409 781 2470 δι’
807 2399 920 2491 ἑτέρων
935 2401 1146 2488 όμοδονάμων

66 2505 393 2594 καόόκφανιικωτόρων
405 2513 518 2588 λέξεων
532 2512 703 2596 διασαφεῖν
717 2506 772 2574 τόν
788 2511 951 2593 θεοπρεπῆ
964 2501 1090 2592 τρόπον.
1110 2502 1149 2569 σά

67 2606 110 2668 δεῖ
123 2610 162 2689 dd,
186 2607 283 2696 φησόν
305 2608 515 2691 Ἀθανάσιος,
537 2607 576 2674 τά
600 2613 667 2675 κατ’
690 2612 868 2690 οἰκονομίαν
888 2609 1075 2696 γραφόμενα
1094 2596 1150 2672 καί

65 2705 192 2789 γινόμενα
206 2713 359 2794 δέχεσθαι
374 2708 574 2797 κακοτρόπως
588 2708 642 2776 καό
659 2706 737 2793 πρός
748 2707 803 2794 την
815 2699 1016 2776 ι’δόανὲλκειν
1026 2704 1147 2792 βοόλη·

66 2907 120 2962 deus
135 2920 227 3035 ρφιεοε
248 2914 334 2967 iustus
351 2913 486 2966 increatus
505 2913 607 2968 veritas
627 2913 759 2981 sapientia
774 2913 824 2966 εἰσ
835 2913 892 2966 vita
912 2910 1002 2966 lumen
1021 2913 1147 2967 cilicien.

77 2981 107 3032 tia
125 2985 249 3053 telaque.
983 3041 991 3048 ,
1180 3026 1190 3043 ι

146 3055 215 3110 *Cum
245 3063 333 3108 autem
352 3058 408 3109 suis
433 3057 518 3124 ipsius
537 3056 628 3109 verbis
657 3064 683 3108 et
709 3056 816 3123 scriptis
836 3056 894 3122 capi
913 3053 1031 3107 Palamas
1051 3070 1081 3107 se
1100 3057 1146 3106 vi.

39 3175 42 3182 ,
67 3121 130 3176 deret
152 3129 296 3191 continno,
325 3143 379 3180 non
411 3129 439 3179 in
469 3129 575 3191 verbis,
598 3128 700 3195 inquit,
727 3143 815 3196 neque
841 3128 948 3178 omniuo
974 3126 1002 3176 in
1029 3126 1144 3194 scriptis,

67 3194 146 3247 sedin
165 3199 243 3250 rebus
269 3199 367 3251 nostris
396 3201 482 3265 pietas
506 3201 625 3251 cernitur
651 3200 795 3251 secundum
818 3198 970 3266 theologos.
1008 3196 1145 3265 paululum

67 3263 136 3330 igitur
151 3278 266 3322 moratus
287 3269 438 3340 Gregoras:
467 3285 533 3338 pro,
552 3272 648 3338 inquit,
669 3270 828 3335 stultitiam,
848 3277 875 3321 ct
892 3267 1045 3336 despiciens
1065 3284 1144 3320 eum:

68 3349 121 3401 eigo
140 3339 257 3409 fugiebat
283 3355 343 3405 nos,
369 3342 470 3409 inquit,
489 3349 517 3393 te
542 3357 602 3392 esse
621 3344 722 3394 aurium
750 3341 900 3393 obtusorum
933 3347 959 3392 et
989 3339 1094 3392 surdum
1119 3348 1147 3391 et

69 3409 163 3461 omnino
179 3413 301 3480 ignarum
315 3413 471 3464 festivitatis
491 3420 516 3463 et
529 3412 719 3466 celebrationis
730 3413 824 3464 doctae
836 3412 963 3464 librorum
983 3412 1144 3476 divinorum,

68 3482 90 3525 et
104 3478 237 3535 inserendo
259 3491 286 3534 ct
296 3484 494 3548 transponendo
506 3482 614 3534 aliunde
625 3483 689 3536 aiibi
701 3493 858 3550 perventens
873 3484 1024 3550 ignorantia
1042 3498 1145 3535 ornnem

67 3560 157 3602 sensum
176 3562 203 3605 et
221 3569 300 3604 omne
322 3553 651 3621 consiliumscripturse?
693 3555 744 3606 boe
772 3556 840 3606 enim
859 3548 970 3622 ma'gnus
989 3555 1018 3605 in
1036 3553 1145 3606 theolo.

66 3617 103 3681 gia
119 3621 178 3676 dicit
199 3625 345 3691 Gregorius
366 3641 396 3676 ea
417 3641 486 3693 quac
505 3641 520 3676 a
540 3626 669 3691 Dionysio
688 3627 779 3678 divino
806 3626 955 3677 dictasunt
977 3625 1145 3688 confirmans,

67 3696 135 3754 puto,
160 3703 186 3744 et
203 3697 355 3748 concedens
384 3704 410 3747 et
430 3698 488 3763 ipse
508 3703 534 3747 et
552 3698 742 3764 quodammodo
771 3697 913 3750 adhortans
929 3704 958 3746 ut
975 3710 1056 3762 porco
1075 3710 1145 3763 quo-

67 3758 114 3839 dum
134 3767 206 3817 modo
227 3767 371 3818 occasione
391 3768 423 3818 ad
445 3783 491 3819 eos
511 3766 648 3831 affabiles,
673 3769 718 3836 qui
737 3769 765 3819 in
784 3765 925 3820 sententiis
945 3774 971 3818 et
990 3766 1145 3834 cognitione

67 3837 111 3910 tuti
127 3833 232 3901 diversi,
252 3845 368 3889 vocante
386 3846 491 3890 utamur
509 3847 535 3890 et
563 3853 647 3904 pauca
667 3839 851 3907 indulgeamus
877 3839 990 3890 diversis
1011 3837 1145 3889 acceden-

67 3904 120 3952 ouo
137 3909 250 3960 moribus
269 3910 425 3960 necessario
437 3924 640 3977 nonnunquam:
660 3910 696 3961 ite
716 3917 744 3961 ut
763 3911 790 3961 in
805 3909 883 3962 nebus
899 3909 1066 3976 gravissimis
1086 3908 1146 3959 ildei

68 3978 192 4042 consensio
212 3981 333 4047 quemvis
353 3994 406 4031 non
427 3981 517 4032 uerbis
537 3977 631 4032 saltem
643 3978 850 4049 cogitationibus
870 3986 994 4032 servetur
1012 3975 1146 4032 cdnstans.

67 4054 109 4120 qua
124 4047 149 4097 in
167 4063 195 4100 re
214 4049 299 4101 licere
310 4051 348 4102 ait
358 4050 425 4104 bane
437 4050 481 4102 vel
500 4050 572 4103 illam
592 4066 687 4102 vocem
699 4053 776 4102 etiam
790 4051 850 4103 aliis
864 4050 994 4104 similibus
1017 4059 1044 4102 et
1064 4051 1147 4118 magis

67 4117 260 4179 significantibus
272 4121 384 4174 vocibus
399 4121 535 4189 explicare
549 4123 653 4174 ratione
666 4121 716 4174 deo
731 4123 919 4186 conueniente,
936 4137 989 4172 non
1001 4129 1088 4173 autem
1098 4121 1148 4172 de.

68 4189 110 4248 tel,
119 4188 153 4238 ait
163 4190 333 4256 Athanasius,
345 4208 375 4244 ca
386 4209 453 4261 quae
464 4208 544 4261 parco
558 4193 635 4244 modo
648 4193 799 4246 scribuntur
812 4201 838 4245 et
848 4195 913 4246 fiunt
925 4193 1049 4260 accipere
1063 4204 1146 4258 pravo

68 4264 144 4322 tonsu,
160 4268 186 4312 et
194 4263 220 4314 in
233 4278 306 4316 suam
318 4263 482 4318 voluntatem
493 4263 614 4318 traheres
630 4266 728 4318 etenim
738 4267 816 4321 etiam
825 4265 944 4328 medieas
955 4274 1147 4335 saepenumero
