2992 4918
156 454 159 462 ¹
253 425 304 493 22
556 422 783 491 urmeflout
812 419 1041 486 GREGORAE

254 588 341 651 οἴοδε
374 582 413 650 τδ
446 581 490 667 μή
521 584 628 647 τοια’δε
656 582 715 664 τήν
751 579 809 664 σήν
836 577 933 662 α’κοήν
956 577 1156 660 α’ποιινπέειν,
1176 580 1232 644 καί
1251 585 1355 645 ταῦτα

252 691 310 751 νῦν
332 682 420 751 οὕτω
442 683 543 768 λα’πης
563 681 688 766 ἐχοντος
711 676 830 765 ἄλλως,
861 673 913 744 ὅτε
933 679 1075 761 μάλιστα
1096 676 1221 744 πάντων
1244 673 1355 744 ἅπαντ’

255 789 358 852 ἐκεῖνα
381 785 508 902 μνήμης
535 782 659 869 ἁπάσης
685 774 800 847 ὄπισθε
830 785 993 846 ποιεῖσθαι
1021 779 1078 844 οδκ
1110 778 1196 845 ἐστιν
1219 774 1296 846 ὅθεν
1319 773 1358 846 οέ

256 891 313 952 aas*
333 883 418 960 ὅπως
450 878 489 948 οδ
516 883 737 970 βεβούλημαι,
765 879 813 960 οἷς
837 882 996 966 βάροος’
980 885 1163 946 ἐνέστακται
1192 880 1358 967 πρόφασις

254 987 401 1053 ὁπωσοῦν
435 991 491 1052 καί
521 985 666 1052 ὁθενοῦν.
718 989 775 1049 νῦν
801 988 831 1048 δ’
860 981 971 1067 ἐπειδή
1002 983 1058 1047 σοι’
1082 1006 1116 1064 γε
1147 986 1240 1046 τοῦθ’
1267 979 1383 1107 ηδιον5

257 1091 379 1155 ἐκείνου
401 1091 506 1176 πολλρῖ
526 1089 684 1169 μανθάνω
705 1080 866 1167 δοκειν,
844 1108 981 1166 ασμενος
1003 1083 1089 1168 ια’γοδ
1111 1082 1218 1148 λοιπὸν
1240 1085 1356 1150 adrine

255 1190 343 1272 μάλα
366 1187 423 1271 τήν
444 1191 503 1271 σήν
522 1192 576 1271 τής
592 1190 670 1271 ἐμής
692 1184 931 1271 α’νδαιρήοομαι
954 1187 1120 1270 βούλησιν.
1163 1189 1219 1251 κατ’
1237 1189 1273 1251 τι’
1292 1188 1369 1271 γὰρ·

255 1284 333 1356 ἄλλο
354 1291 416 1354 τῶν
439 1282 552 1374 ,ἄλλων
578 1289 697 1369 δόξειεν
725 1282 768 1353 αὖ
807 1287 1089 1370 εὐδαιμονέστερον
1117 1283 1223 1368 ἔμοιγε
1256 1289 1313 1352 νῦν
1337 1281 1357 1371 ή

254 1395 309 1455 σοι’
322 1415 357 1472 γε
378 1389 420 1454 τὰ
443 1393 575 1455 τοιαῦτα
598 1392 795 1472 χαρίζεσθαι
823 1392 883 1452 τῶν
905 1384 1117 1472 διηγημάτων,
1140 1377 1185 1450 ὧν
1206 1389 1278 1468 ἐμοὶ
1296 1392 1358 1469 μέν
1491 1471 1492 1478 ρ

193 1479 197 1487 ’
255 1486 332 1578 ῥᾷον
354 1491 460 1571 οὐδέν,
480 1495 532 1553 σοι’
554 1492 589 1553 δὲ
616 1495 738 1606 βέλτιον
765 1489 869 1554 οὐδέν.
1369 1505 1402 1559 10

214 1601 246 1684 ,⁴
355 1591 448 1655 Ἀλλά
482 1588 583 1672 γδρό
617 1586 741 1672 ἑταῖρος
775 1588 851 1673 ἡμῖν
877 1586 1111 1670 Ἀγαθοὶγγελος
1137 1587 1274 1652 τοιαῦτα
1297 1587 1359 1666 μὲν
1491 1595 1492 1604 ’

255 1691 336 1774 ὑπὲρ
352 1681 398 1754 ὧν
412 1693 606 1774 oaotdnanv
621 1687 864 1773 dauleio'yqrur,
888 1693 1024 1752 τοιαῦτα
1033 1686 1110 1750 δὲε
1091 1691 1172 1768 oudo
1195 1675 1239 1750 ὧν
1253 1691 1377 1770 φθέγ-

255 1795 336 1869 ξατ’
358 1786 399 1854 δν
428 1815 473 1867 εις
500 1791 628 1856 τοδπιὸν
657 1795 712 1874 τής
742 1791 918 1873 διηγήσεως
952 1791 1178 1872 ἐπηγγέλλετο,
1215 1790 1278 1862 τῶν
1297 1789 1359 1868 μὲν

257 1896 417 1978 προτέρων
451 1890 570 1976 σμικρὰ
600 1890 899 1978 ἐπαναλαμβάνειν
911 1890 963 1955 διδ
999 1888 1035 1953 εδ
1058 1882 1121 1974 ήδη
1142 1890 1295 1972 εἰρῆσθαι
1314 1911 1356 1951 τα

255 1999 366 2076 πλειω,
387 2002 452 2068 τοις
481 1997 509 2058 δ’
534 1998 661 2058 ἐπιοῦσι
681 2017 745 2057 των
774 1991 952 2073 ἀναγκαίων
977 1991 1125 2111 peqddvp‘
1105 2011 1360 2071 οπιοχνοομινος
1371 2005 1405 2059 15

201 2109 203 2116 ’
255 2098 473 2177 παραλείπειν.
521 2097 667 2177 ἐντυχειν
687 2098 747 2175 μὲν
769 2088 826 2157 ova
853 2091 940 2175 ἔλεγε
973 2093 1026 2157 κατ’
1045 2118 1111 2157 των
1132 2093 1361 2176 μερικωτέρων
1491 2087 1492 2108 l

255 2197 434 2263 ἐπισκόπων
467 2192 535 2261 ὅσοι
573 2199 646 2261 καθ’
676 2196 715 2271 ἐς
748 2197 845 2269 αὐτὸς
874 2193 998 2282 περιήει
1028 2192 1137 2274 κώμας
1165 2217 1217 2256 και
1248 2190 1360 2266 πόλεις

125 2294 151 2362 l.
162 2299 427 2379 λθθωέτύμχανον
442 2291 541 2373 ὅντες,
557 2301 702 2380 ἐντυχεῖν
719 2300 754 2361 δὲ
768 2298 792 2336 “
801 2298 940 2377 μα’λιοτα
952 2292 991 2379 δή
1005 2289 1222 2416 πρτριδρχαις
1237 2294 1360 2373 adroic,

256 2400 287 2466 Γ
286 2399 423 2484 ρηγορίῳ
447 2422 488 2460 τε
507 2396 625 2482 δηλαδή
659 2402 702 2486 τῷ
723 2397 960 2480 Ἀλεξανδρείας
988 2421 1040 2460 και
1072 2396 1207 2484 Ἰγνατίρν
1227 2395 1359 2460 Ἀντιο-

255 2502 368 2581 χειάς,
391 2502 445 2560 καί
465 2501 560 2587 τρίτῳ
593 2495 626 2574 ὃς
645 2502 718 2584 πρίν
741 2491 761 2582 ή
786 2497 943 2580 Λάζαρον
962 2501 1052 2580 τήττς
1079 2500 1180 2562 ἐκεῖσε
1202 2498 1405 2582 almificam)

201 2613 203 2618 ’
257 2595 313 2662 τδν
336 2597 569 2682 πατριαρχικόν
587 2597 813 2682 Ἱεροσολύμων
835 2602 936 2662 διεῖπε
957 2595 1094 2680 θρόνον·
1116 2596 1150 2660 τό
1173 2597 1232 2682 γάρ
1252 2603 1305 2660 τοτ’
1321 2623 1359 2680 γε

257 2689 357 2779 ὄνομα
380 2699 522 2784 ἐλελήθει
542 2725 584 2782 με
605 2705 663 2766 τοῦ
683 2697 810 2783 α’νδρὸς.
835 2697 978 2783 ἐντυχεῖν
1004 2703 1034 2763 δ’
1055 2691 1116 2764 odo
1131 2701 1165 2764 ἐν
1186 2694 1359 2783 διαφόροις

254 2997 330 3060 tione
350 3021 485 3074 exponere
504 3003 584 3060 valdo
603 3007 706 3062 veritus
725 3007 785 3071 sim,
802 3021 838 3058 ue
845 3005 1010 3058 diversarum
1018 3019 1106 3060 rerum
1125 3005 1359 3076 conglutinatione

255 3086 314 3130 tuas
335 3093 413 3131 aures
433 3079 616 3142 obtruderem,
900 3129 910 3142 ,
1068 3077 1114 3128 ubi
1135 3094 1214 3148 quam
1232 3079 1358 3144 maxime,

256 3149 434 3216 quodeunque
452 3147 497 3202 'vel
517 3149 642 3200 minimae
666 3147 807 3200 molestiae
831 3164 990 3232 quacunque
1009 3166 1043 3200 ex
1062 3165 1142 3202 causa
1162 3149 1284 3201 efficiens
1296 3167 1360 3204 esso

256 3227 358 3287 posset,
377 3219 404 3269 id
424 3219 456 3272 ab
476 3221 546 3270 omui
568 3221 818 3271 commemoratione
836 3222 981 3289 seiungere
999 3236 1054 3272 uon
1073 3222 1148 3290 potui
1166 3236 1220 3272 uon
1239 3222 1267 3272 iu
1293 3223 1358 3272 aui.

254 3305 325 3342 mum
343 3290 480 3342 inducere.
517 3307 586 3342 nuuc
606 3305 672 3343 vero
691 3306 770 3358 quum
788 3291 836 3344 tibi
855 3289 938 3342 multo
958 3293 1058 3360 gratius
1077 3291 1127 3344 bae
1147 3294 1251 3345 ratione
1259 3308 1359 3360 ,quam

258 3359 316 3426 illa,
337 3377 380 3412 res
400 3377 524 3412 enarrare
544 3351 629 3414 vider'i
650 3363 835 3430 cognoverim,
855 3360 1004 3415 lubenter'
998 3379 1049 3414 ram
1059 3372 1130 3415 tuum
1140 3363 1281 3416 consilium
1294 3379 1357 3416 meo

256 3439 423 3498 anteponam
468 3432 531 3500 quid
557 3434 626 3482 euim
654 3430 726 3484 aliud
744 3431 809 3484 mihi
834 3450 905 3484 nuuc
933 3436 1111 3501 praestantius
1138 3435 1223 3486 videri
1250 3442 1356 3502 potest,

256 3519 334 3572 quam
353 3502 421 3555 tales
441 3503 489 3556 tibi
508 3505 674 3556 narrationes
693 3519 856 3572 proponere,
876 3504 971 3573 quibus
990 3504 1059 3556 nihil
1079 3505 1144 3556 mihi
1163 3504 1285 3570 facilius,
1305 3505 1357 3556 tibi

254 3573 324 3625 nibil
341 3574 437 3626 melius
458 3580 507 3626 est.

353 3669 426 3736 llaec
445 3672 528 3739 igitur
547 3681 720 3741 posteaquam
737 3672 941 3741 Agathangelus
969 3674 1069 3724 amicus
1094 3673 1165 3724 de''
1147 3689 1200 3737 ua,
1228 3675 1357 3742 quaesi-

254 3741 339 3794 lentio
353 3742 502 3806 transisset,
523 3744 555 3794 ad
574 3759 647 3796 suam
666 3744 849 3796 defensionem
868 3745 999 3811 protulit,
1010 3744 1078 3794 de'
1061 3760 1094 3794 us
1114 3759 1183 3812 quae
1201 3744 1357 3828 insequenti

253 3815 408 3865 narratione
427 3811 560 3866 relaturus
581 3823 668 3878 esset,
688 3817 826 3881 prolessus
845 3823 901 3880 est,
928 3832 958 3867 se
977 3831 1063 3883 pauca
1082 3823 1182 3866 tautum
1201 3831 1235 3866 ex
1253 3817 1356 3882 priori.

253 3885 303 3937 bus
322 3892 494 3950 recepturum
514 3901 573 3938 esse
593 3893 735 3953 propterea
755 3888 825 3970 quod
844 3889 971 3939 maiorem
991 3895 1093 3969 partem
1112 3887 1163 3938 iam
1175 3889 1357 3959 exposuisset,

254 3956 350 4008 deiude
371 3969 437 4006 vero
454 3955 534 4020 nihil,
561 3958 631 4025 quod
657 3959 837 4014 necessarium
866 3966 959 4021 esset,
984 3973 1015 4009 se
1038 3959 1197 4010 omissurum
1221 3961 1356 4024 promisit.

253 4027 415 4079 conuenisse
437 4027 519 4094 igitur
539 4043 568 4079 se
596 4028 701 4080 dicebat
719 4038 828 4094 praeter
844 4027 1021 4096 particulares
1043 4031 1208 4096 episcopos,
1234 4046 1300 4097 quos
1328 4033 1357 4082 iu

253 4095 446 4164 siugulisuieis
467 4096 629 4166 urbibusque
649 4099 813 4164 offendisset,
832 4101 1071 4167 praesertimipsos
1094 4099 1269 4182 patriarchas,
1287 4101 1357 4154 Gre-

254 4169 370 4238 gotium,
389 4167 565 4233 patriarcham
583 4169 778 4236 Alexandriae,
798 4171 929 4240 lguatium
947 4170 1126 4235 Antiochiae,
1145 4172 1252 4222 tertium
1274 4189 1356 4238 eum,

256 4241 303 4309 qui
320 4237 519 4324 llieroaolpmis
538 4241 744 4306 patriarchicum
764 4242 860 4295 solium
880 4241 994 4295 obtinuit
1011 4242 1222 4307 antebaaarum,
1244 4258 1290 4316 qur
1283 4243 1356 4296 boc

233 4322 329 4364 'anuo
348 4324 380 4361 eo
402 4311 494 4375 veuit,
511 4324 608 4364 nomen
621 4311 771 4368 artemam
789 4326 831 4366 mo
849 4311 927 4380 rupit.
947 4314 1107 4365 convenisse
1125 4329 1154 4366 re
1173 4315 1255 4382 igitur
1270 4305 1358 4366 aliurn
