2992 4918
260 315 312 404 ti
562 321 788 399 mortuom
819 319 1049 394 concentu

260 494 382 568 τούτοις
415 489 547 567 ἐλιιάδες
574 496 825 556 συσκευασθεῖιν
854 487 886 567 ἐξ
918 491 981 552 τάν
1003 486 1086 550 πάνυ
1109 485 1275 569 μεγίστων,
1298 511 1360 569 μη-

259 593 363 680 χανάς
385 594 586 668 παντοδαπάς
608 595 662 656 καί
682 587 812 666 ὁπλίτας
834 590 984 674 ἀρίστους
998 595 1156 675 φέρουσαι
1179 590 1358 668 πλείστους,

261 701 382 780 καίριον
417 691 480 780 ἤδη
509 698 698 778 νομισθῆναι
730 701 794 766 τοῖς
822 685 922 754 άπασι
949 689 1066 764 πάσαις
1100 688 1180 770 ἐμοῦ
1203 686 1361 770 δυνάμεσι

260 795 515 882 προσελάσαντος
543 796 771 861 κυκλώσασθαι
800 791 836 855 τέ
870 794 1026 878 φρούριον
1065 791 1258 878 αιίθημερόν.
1309 793 1363 854 ναί

261 899 382 967 τούτων
406 896 524 962 οάτωσί
547 899 775 977 πεπραγμένων
810 894 990 977 ἀνυσθῆναι
1013 894 1105 978 σφίσι
1128 894 1227 976 μηδέν
1246 892 1384 976 eisqui-5

261 1025 364 1083 ιιμεν,
388 999 431 1074 (ἐς
452 998 627 1080 ἀπογνόντα
650 995 762 1060 λοιπόν
783 992 835 1074 τὰν
859 998 915 1077 τῆς
937 997 1086 1076 ναυτικῆς
1108 996 1362 1059 τάνΒενετικιάν

261 1102 426 1183 δυνάμεως
453 1101 617 1181 ναάαρχον
646 1101 702 1162 τοῦ
729 1102 789 1178 μέν
810 1100 949 1176 πολέμου
978 1094 1129 1176 διάδοχον
1152 1093 1281 1179 ἀφεῖναι
1305 1091 1364 1158 τάν

260 1205 415 1285 βασιλέα,
452 1198 549 1266 αιίτὸν
581 1202 618 1264 δέ
646 1200 792 1278 μαθόντα
822 1192 881 1280 ῆδη
905 1199 959 1259 καί
985 1192 1126 1278 τριήρεις
1151 1191 1184 1258 ἐκ
1205 1197 1235 1259 Γ
1233 1194 1364 1270 εννοάας

180 1373 183 1380 ,
260 1301 405 1389 ἐξῆνοντα
431 1301 519 1385 παρά
549 1302 656 1366 πᾶσαν
683 1299 878 1382 ἀναγομένας
899 1299 1034 1378 ἐλπίδα,
1061 1292 1149 1370 ὅλαις
1180 1290 1365 1380 ἀναχωρεῖν
1489 1381 1490 1388 ¹

261 1405 414 1489 πορείαις.
1373 1418 1405 1472 to
1489 1411 1490 1446 ί

195 1516 250 1569 u
344 1504 416 1570 Καί
443 1500 465 1568 ἀ
491 1505 551 1585 μὲν
582 1503 735 1584 ἀμυδροῖς
768 1501 868 1576 αέτὸς
890 1498 1051 1584 η’κηκόειν,
1086 1497 1219 1584 ἔκδημος
1241 1493 1285 1563 ἀίν
1306 1502 1363 1582 τῆς

262 1607 423 1690 πατρίδος,
445 1608 533 1670 ταῦτ’
564 1602 667 1669 ἐστίν·
712 1601 806 1677 αι’τὸς
837 1605 866 1666 δ’
886 1597 924 1666 ds
945 1627 999 1685 μοι
1021 1601 1122 1684 λέγοις
1143 1603 1365 1686 τάληθέστεριί

261 1729 295 1772 τε
322 1709 377 1770 καί
398 1702 592 1789 βεβαιότερα
617 1708 679 1770 rado
702 1707 859 1769 ἐνταυθοῖ
876 1702 1105 1788 πεπραγμένων
1136 1705 1279 1784 ἐκείνων,
1306 1709 1364 1788 τῆς

262 1802 453 1893 ἀφηγήσεως
473 1803 662 1892 προϊούσης,
681 1805 865 1889 προστιθείς
895 1808 928 1870 ἐν
957 1805 1059 1890 ταέτιῆ
1084 1803 1139 1868 καί
1155 1802 1194 1868 τά
1218 1807 1281 1868 τάν
1305 1829 1380 1884 πε-Ι

262 1911 449 1992 πραγμένων
471 1903 567 1972 αἴτια.
612 1909 720 1991 νῦν-δ’
743 1899 786 1971 ὧν
808 1907 904 1982 ατίτός
927 1905 1090 1991 αέτάπτης
1111 1901 1181 1990 ἑξῆς
1207 1903 1363 1992 ἐγενόμην
1375 1919 1407 1973 15
1489 1925 1490 1932 ’

263 2009 331 2074 ἐκεῖ
348 2007 470 2091 ααρυίν,
492 2001 559 2091 εέμι
582 2008 774 2092 ἐρῶναάτός
796 2008 909 2073 αιίτίκα
933 2008 989 2073 τὸν
1009 2008 1192 2089 λεπτότερον
1215 2006 1270 2071 καί
1289 2009 1364 2072 καθ’

262 2115 376 2177 ’ἐναυτα
398 2111 525 2194 τρόπον.
558 2107 792 2194 ἐπαναληπτέον
818 2115 925 2174 τοίνυν
946 2109 1002 2174 τὸν
1025 2105 1114 2191 λόγον
1139 2103 1200 2199 ὅπη
1222 2105 1256 2173 τά
1281 2110 1365 2191 πρά-

263 2235 354 2297 τερον
375 2209 463 2294 ίχνος
486 2215 654 2293 ἐλιπυμεν,
680 2214 731 2275 ἵνα
749 2209 782 2276 τά
804 2215 859 2293 τῆς
878 2211 1021 2294 ἱστορίας
1047 2213 1188 2296 συναφὲς
1222 2208 1281 2296 τῆν
1305 2215 1366 2276 τοῦ

264 2319 391 2402 σαφοῦς
412 2311 576 2400 ῥαστώνην
597 2313 707 2399 εάφυά
729 2314 855 2400 παρέχῃ
878 2321 943 2386 τοῖς
965 2311 1221 2396 ἐντυγχάνουσιν.

198 2430 254 2484 n
355 2404 490 2496 Ἔτυχον
511 2416 570 2494 μὲν
593 2413 653 2496 ἐγώ
677 2412 849 2496 διατρίβων
877 2413 950 2496 περί
970 2409 1008 2476 τά
1033 2420 1125 2477 κοῖλα
1146 2417 1202 2496 τῆς
1223 2413 1409 2494 Εέβοιάςγο
1489 2434 1490 2464 ³

265 2515 320 2581 καί
341 2511 516 2598 Κάρυστον
535 2513 624 2579 πόλιν
644 2517 787 2598 λῆγοντος
808 2508 869 2597 ῆδη
891 2519 950 2577 τοῦ
974 2517 1102 2599 θέρους,
1120 2517 1173 2579 καί
1193 2518 1365 2599 τηνικαῦτα

266 2619 431 2698 ξυνέβαινε
452 2621 623 2681 καταπλεῖν
646 2617 680 2690 ἐς
701 2613 821 2700 Ὠρεόν,
841 2616 932 2679 πόλιν
953 2615 1093 2697 Εὐβοίας
1114 2614 1286 2702 εὐλίμενον,
1309 2614 1366 2694 τάς

267 2927 317 2966 tex
333 2926 421 2970 nares
436 2911 572 2966 onerarias
591 2909 717 2964 maximas
736 2911 807 2963 omni
828 2925 930 2978 genere
949 2907 1131 2962 machinarum
1150 2917 1176 2961 et
1199 2909 1290 2978 gravis
1317 2925 1365 2962 or.

267 2993 385 3038 maturae
404 2982 534 3037 militibus
553 2982 676 3051 plurimis
696 2983 903 3050 fortissimisque
920 2982 1063 3035 instructas
1083 2989 1291 3049 comparassent,
1312 2982 1365 3034 iam

268 3056 388 3108 omnibus
406 3056 531 3108 idoneum
549 3063 652 3121 tempus
664 3055 749 3106 visum
771 3069 830 3105 esse
852 3054 955 3105 cunctis
976 3055 1061 3122 copiis
1079 3054 1201 3121 protinus
1223 3052 1365 3106 castellum

270 3127 407 3180 adoriendi
425 3134 505 3196 atque
525 3125 673 3177 obsidendi.
711 3122 759 3176 taii
778 3126 883 3188 ratione
901 3125 980 3176 rebus
1000 3125 1130 3179 institutis
1149 3124 1217 3177 nibil
1236 3125 1313 3178 abiis
1332 3125 1365 3178 ad

269 3199 369 3250 exitum
389 3198 530 3250 adductum
550 3213 620 3260 esse,
641 3196 827 3262 audiebamus,
850 3197 886 3248 ita
909 3205 937 3248 ut
958 3197 1051 3251 classis
1071 3196 1190 3248 Venetae
1211 3197 1364 3263 praefectus

267 3286 298 3321 re
317 3269 368 3320 iam
387 3269 527 3336 desperata
552 3276 578 3319 et
596 3268 779 3335 imperatore,
809 3269 852 3335 qui
882 3267 983 3320 bellum
1011 3277 1239 3337 persequeretur,
1267 3269 1365 3321 relicto

267 3355 366 3393 summa
387 3339 560 3392 festinatione
578 3341 737 3392 recessisset
757 3341 857 3392 certior
879 3341 975 3404 iactus,
995 3341 1028 3391 ab
1042 3341 1134 3394 Genua
1153 3341 1204 3391 iam
1224 3342 1365 3409 sexaginta

268 3413 390 3464 triremes
409 3420 517 3479 praeter
536 3412 652 3462 omnium
672 3413 899 3477 exspectationem
917 3413 945 3463 in
964 3411 1045 3463 altum
1066 3420 1173 3464 evectas
1194 3427 1264 3465 esse.

366 3508 440 3562 Haec
458 3508 582 3576 equidem
602 3524 617 3558 a
635 3508 721 3575 patria
738 3517 856 3560 remotus
882 3509 957 3577 quasi
982 3525 1030 3575 per
1054 3509 1178 3560 nebulam
1204 3509 1309 3573 audiri,
1335 3519 1365 3562 tu

269 3591 357 3638 autem
376 3581 531 3634 narratione
549 3581 740 3649 progrediente
759 3582 866 3632 veriora
886 3581 1014 3648 quaedam
1033 3589 1112 3648 atque
1134 3581 1249 3632 certiora
1268 3581 1301 3632 de
1318 3597 1365 3634 rc.

268 3655 318 3706 bns
337 3652 381 3704 hic
400 3661 454 3704 turn
479 3654 563 3720 gestis
587 3666 704 3719 expones
724 3652 819 3703 additis
846 3653 925 3703 etiarn
949 3668 1036 3704 rerum
1060 3655 1157 3704 causis.
1200 3669 1272 3704 nuno
1298 3669 1365 3706 vero

269 3741 323 3789 res,
344 3739 456 3793 quarunt
473 3727 531 3792 ipse
550 3723 609 3776 iilic
627 3731 762 3790 spectator
774 3723 822 3787 fui,
841 3740 874 3774 ex
893 3725 986 3776 ordine
1005 3724 1054 3776 tibi
1068 3733 1191 3776 accurate
1211 3733 1290 3791 atque
1307 3727 1366 3777 sin.

270 3796 385 3866 giiiatim
405 3797 530 3848 reiorum.
567 3796 755 3847 revertendum
773 3796 855 3863 igitur
873 3796 950 3847 nobis
971 3796 1064 3848 estad
1087 3796 1131 3861 id,
1156 3797 1226 3848 unde
1251 3797 1367 3864 digressi

271 3883 370 3933 sumus,
390 3876 419 3920 ut
437 3868 567 3920 historiae
592 3867 753 3919 continuitas
772 3867 936 3933 praeclaram
955 3883 1043 3920 rerum
1067 3869 1228 3937 cognitionis
1247 3867 1366 3922 facilita-

271 3946 323 3991 tem
342 3940 478 4007 praebeat,
498 3954 566 4008 quae
584 3940 655 3990 inest
671 3940 699 3990 in
717 3941 916 4006 perspicuitate.

372 4037 458 4102 Quum
483 4039 566 4106 igitur
585 4039 656 4089 circa
676 4037 766 4089 fauces
787 4037 913 4090 Euboeae
935 4046 961 4090 et
981 4037 1120 4104 Carystum
1139 4038 1231 4089 urbem
1251 4045 1368 4090 exeunte

272 4111 323 4161 iam
344 4117 445 4162 aestate
464 4124 651 4174 commorarer,
671 4109 703 4160 ad
722 4109 843 4175 Oreum,
868 4108 994 4161 Euboeae
1013 4111 1105 4162 urbem
1133 4117 1212 4176 portu
1238 4117 1367 4174 ornatam,

273 4181 427 4250 quindecim
446 4182 511 4234 illae
530 4197 613 4234 naves
629 4181 748 4232 Venetae
767 4181 937 4250 appulerunt,
958 4197 1022 4249 quas
1044 4199 1077 4234 ex
1096 4181 1224 4248 portubus
1244 4180 1369 4250 Byzantii

273 4254 421 4310 recessisse
439 4267 520 4322 snpra
541 4253 788 4307 demonstravimus.
809 4261 870 4306 octo
890 4261 977 4306 autem
985 4254 1152 4309 Cretensium
1172 4254 1295 4308 triremes
1307 4255 1370 4306 iude
