2880 4910
297 317 371 391 376
604 326 829 395 mesenum
861 328 1092 396 enneouln

1418 471 1419 508 r

294 490 553 570 ται’συμμαχόν’ν
579 487 654 570 αἐί,
682 486 793 553 ἔπειτα
812 489 867 554 ναί
887 492 1076 582 μεγαλονοίᾳ
1103 496 1140 580 τῇ
1161 497 1200 578 σῇ
1221 494 1375 576 εῦφυιῦςτε

297 584 520 679 α’ναλεξαμόνην
542 589 580 654 τό
603 593 839 674 χρειωδὲστερα
855 596 918 656 τῦν
933 595 1040 681 ἐκείνῳ
1055 596 1231 675 λεχθέντων
1247 591 1299 656 καί
1314 591 1376 675 τρό-

295 690 394 768 ηεζαν
414 688 491 775 ἡμῖν
508 690 639 776 η’δίστην
671 693 753 758 ου’τὰ
776 696 953 776 παραθέντι
974 693 1213 777 μεγαλοψύχως
1244 693 1294 757 καί
1316 696 1375 778 δίχα

257 795 451 876 Ιφορτιιιοῦ
473 788 558 868 τινός
589 785 689 876 ἤθους
718 791 846 870 παντός.
899 795 939 862 σό
963 798 991 860 δ’
1014 797 1046 860 εἰ
1061 793 1192 878 βούλει,
1214 799 1266 860 καί
1288 797 1375 869 δευτέ-

295 915 356 974 ραν
391 893 464 972 ἐμοί
506 891 625 976 ταῦτην
659 891 773 980 ἔφεσιν
793 895 872 982 πρός
903 901 985 962 θεοῦ
1015 903 1114 961 τελεῖν
1154 896 1390 980 προθυμηθητι.5

294 989 415 1077 α’νιήκοα
437 990 497 1077 γὰρ
519 993 575 1056 καί
592 994 733 1079 'dodoau
755 995 810 1059 τόν
830 994 1144 1082 προβεβασιλευκότα
1169 1000 1375 1080 Καντακουζη-

293 1089 359 1176 νόν,
380 1091 554 1158 α’νιαθόντα
577 1100 649 1162 λίαν
684 1098 737 1160 ἕπε’
763 1101 807 1187 τῷ
828 1100 860 1163 Γ
858 1102 977 1187 ρηγορᾷ
993 1105 1136 1183 γραφαῖς
1168 1096 1224 1162 καί
1243 1095 1374 1180 ἱστορίαις

162 1205 174 1232 ‘
204 1242 208 1250 .
293 1200 433 1276 μακραίς
454 1193 607 1260 δεδωκότι
629 1194 667 1260 τό
699 1201 754 1278 τῆς
779 1201 948 1278 διαλέξεως
967 1201 1104 1282 ταυτησί
1131 1198 1188 1264 καί
1210 1199 1313 1273 α’κοαῖς
1331 1201 1374 1280 δη-

293 1293 423 1374 μοσίαις
452 1295 500 1358 ἐπ’
535 1293 673 1386 αἰσχῦνη
705 1308 772 1374 τοῖς
803 1300 893 1386 οἶμφί
921 1304 1087 1382 Παλαμῦν
1111 1299 1274 1377 δεδωκότι,
1304 1305 1373 1364 ταῦτ’

295 1381 360 1476 ῦρα
382 1397 465 1480 μέρη
488 1395 559 1460 τινὰ
582 1402 644 1461 ταῖν
665 1403 855 1486 γραφέντων
879 1399 1103 1482 α’ναλαβδντο,
1128 1403 1241 1483 λογίων
1262 1402 1397 1482 α’μαθῦνγρ

293 1489 373 1559 οἴκοι
394 1497 609 1581 συγκροτῆσοιι
638 1503 791 1584 συνέδρια
825 1507 965 1584 συνεχῆ,
993 1506 1048 1566 καί
1071 1499 1244 1584 θεολόγους
1265 1498 1372 1581 α’λόγοος

220 1646 223 1658 .
292 1597 528 1679 χειροτονῆσαι,
549 1599 698 1664 παιδείαν
713 1603 864 1689 ἐξαίφνης
888 1588 1370 1688 α’παιδαγτόγητονέμφοσηοαντι

293 1698 397 1782 σφίσι,
418 1696 474 1764 κατ’
494 1702 700 1767 διαλεκτικῶν
719 1706 873 1771 α’νόδοσιν
895 1705 1085 1788 αδθημερδν
1107 1700 1227 1770 οῦτωσί
1252 1727 1370 1788 μηχανη-

293 1794 430 1875 σάμενον
462 1798 687 1888 αὐτοσχέδιον,
713 1808 769 1870 καί
786 1801 886 1880 οῦτως
907 1803 1037 1871 εἰπόντα
1068 1803 1108 1889 δὴ
1132 1804 1189 1870 καί
1214 1802 1369 1868 α’κοόοαντα

294 1897 455 1984 λοιδορίας
477 1902 681 1982 παμπόλλους
712 1905 791 1971 κατὰ
825 1911 889 1971 sois
909 1909 971 1983 τοῦ
993 1909 1026 1971 Γ
1024 1909 1146 1992 ρηγορῦ
1169 1903 1315 1992 ῥημάτων
1332 1905 1391 1986 κοίη

292 1998 394 2084 λόγων
416 2001 553 2088 ἐκείνων,
573 2001 689 2070 τοῦτόν
712 2007 742 2069 δ’
766 2009 867 2072 εἰπεῖν
883 2003 962 2072 κατὰ
984 2007 1040 2090 τῆς
1060 2007 1228 2088 εῦοεβείας
1249 1998 1368 2086 ἄντικρυς

211 2171 219 2178 ,
295 2101 406 2187 αῦτῆς,
430 2100 539 2170 ἔπειτα
563 2106 687 2171 πλείοσι
715 2110 852 2190 βιβλίοις
870 2103 963 2174 ,αῦτό
983 2106 1252 2191 μετεγγρόψαντα
1273 2109 1366 2170 διανεί-

294 2227 356 2284 μσι
385 2213 450 2281 τοῖς
472 2202 696 2300 αἳρεσιοότοις,
718 2213 774 2272 καί
800 2207 988 2294 μυρμηκιᾴν
1014 2211 1186 2292 λοιδοριυῦν
1208 2207 1241 2273 ἒν
1258 2211 1364 2292 γραφαῖς

257 2302 435 2388 ιῦοελγοῦν
456 2305 513 2389 την
535 2307 688 2394 ταχίστην
709 2312 957 2392 προστεταχέναι
983 2311 1146 2392 γενέσθαι.
1183 2308 1250 2384 ἑνὸς
1268 2311 1294 2372 δ’
1307 2309 1366 2370 suet·
1418 2303 1419 2306 ’

294 2408 352 2470 θεν
373 2407 429 2471 καί
458 2406 588 2490 ἡμίσεος
611 2410 757 2475 ἐνιαυτοῦ
780 2413 958 2491 τριβέντας,
994 2405 1084 2473 κενόν
1107 2410 1164 2474 καί
1186 2411 1324 2493 scivero
1340 2404 1392 2483 τὸηρ

294 2506 358 2570 tois
381 2505 518 2572 ἐλπίδων
537 2509 633 2595 σφίσι
652 2512 749 2593 θέρος
774 2510 960 2593 ὂβλάστησε.
1010 2513 1068 2574 καί
1086 2507 1126 2574 τοὶ
1149 2512 1207 2594 τῆς
1228 2505 1362 2592 παροιμία

294 2603 437 2688 α’τεχνῦς
458 2602 599 2692 ἓωροῖτο·
642 2602 736 2704 &ptus
756 2607 830 2693 γόρ,
853 2612 959 2695 φησίν,
977 2601 1052 2692 ὄρος
1074 2612 1129 2674 καί
1146 2600 1361 2691 increpuimus*

161 2715 245 2776 &156
255 2730 283 2771 τ.
294 2699 453 2798 ῦνθραατς
470 2701 555 2795 ἦσαν
574 2710 683 2787 αότοῖς
703 2708 734 2776 οἱ
755 2706 1015 2795 προσδεκόμενοι
1036 2709 1212 2796 θησαυροί.
1244 2706 1293 2774 καί
1310 2696 1364 2768 iou

293 3039 415 3110 pientiae
435 3041 535 3109 quippe
557 3041 603 3109 qui
625 3039 737 3108 egregie
762 3039 1001 3092 communicaveris
1026 3055 1132 3104 mecum
1158 3047 1322 3109 quascunque
1336 3029 1365 3082 di-

294 3121 397 3166 ciorum
422 3111 497 3165 illius
529 3112 758 3180 praestantissima
784 3118 845 3164 suut
870 3110 968 3180 hisque
992 3126 1112 3164 mensam
1139 3111 1207 3162 mihi
1239 3113 1374 3187 apposuerit¹

292 3184 478 3240 suavissimum
498 3198 558 3234 eum
579 3185 660 3234 animi
678 3181 861 3252 magnitudine
880 3189 907 3234 et
925 3197 1026 3234 summo
1048 3183 1148 3235 officio.
1188 3190 1215 3233 tu
1229 3193 1289 3233 vero
1303 3191 1321 3227 st
1336 3185 1365 3222 us

293 3255 345 3308 hoc
372 3269 479 3323 quoque
510 3253 622 3306 alterum
649 3254 715 3305 mihi
744 3267 870 3321 exponas.
917 3255 1008 3306 audivi
1037 3255 1107 3306 euim
1132 3269 1224 3321 regem
1250 3245 1364 3325 losephuffl

294 3326 511 3382 Guntacuseuum
538 3324 714 3377 vehementer
739 3325 835 3377 iratum
855 3323 992 3393 Gregorue
1020 3325 1065 3394 qui
1091 3325 1192 3391 scripta
1217 3330 1243 3374 et
1263 3319 1363 3400 historus

293 3397 389 3466 longas
408 3397 442 3448 de
456 3397 636 3462 disputatione
657 3396 705 3448 illa
718 3388 873 3450 confecerat
892 3405 919 3448 et
937 3397 1040 3463 publici
1059 3397 1164 3447 iecerat
1180 3395 1243 3448 iuris
1260 3392 1285 3442 in
1303 3398 1363 3470 iguo·

292 3469 401 3521 minium
427 3465 588 3520 asseclarum
609 3467 750 3531 Palamae,
778 3484 793 3518 e
821 3467 897 3520 libris
929 3464 1057 3536 quaedem
1082 3466 1200 3534 elegisse
1218 3473 1244 3516 et
1253 3464 1317 3516 ,donn
1332 3469 1363 3506 ιο-

293 3544 442 3606 terpretum
461 3539 629 3590 indoctorum
649 3537 821 3591 conclamatis
841 3539 974 3605 synedriis
993 3537 1080 3605 plenis
1110 3547 1137 3590 et
1156 3533 1287 3590 advocatis
1303 3528 1363 3578 theo-

293 3610 366 3679 logis
383 3609 550 3675 umentibus,
570 3611 664 3662 horum
692 3625 744 3678 ope
769 3618 883 3678 repente
907 3609 1041 3662 doctrinas
1069 3611 1190 3662 indoctus
1214 3603 1329 3682 conflasse
1345 3600 1363 3644 el

295 3681 390 3733 eodem
409 3681 452 3732 die
470 3682 510 3732 sio
528 3683 680 3735 sermonum
700 3683 897 3750 expositionem
918 3697 952 3733 ex
967 3690 1088 3747 tempore
1111 3680 1271 3732 instituisse:
1288 3666 1362 3723 demde

293 3767 353 3804 eum
384 3759 523 3821 postquam
553 3754 666 3805 dixisset
696 3761 723 3804 et
756 3753 904 3805 audivisset
929 3753 1053 3805 convicia
1081 3751 1163 3803 multu
1190 3753 1217 3801 iit
1244 3746 1361 3826 Gregoftffl

292 3838 400 3891 unaque
421 3824 461 3876 sic
479 3825 507 3875 in
525 3825 609 3892 ipsum
630 3827 687 3877 eius
706 3826 849 3891 pietatem,
872 3823 940 3876 hoec
960 3822 1081 3891 pluribus
1101 3821 1176 3874 libris
1196 3820 1360 3878 conscripstsst

293 3902 320 3946 et
338 3895 441 3948 traditis
461 3896 503 3948 his
521 3897 550 3947 iu
570 3911 663 3947 munus
683 3895 880 3948 haereticorum
898 3895 1010 3946 iussisse
1029 3910 1106 3963 quam
1126 3892 1263 3944 celerrime
1279 3879 1359 3963 turbtfss

262 4018 264 4024 ,
292 3967 476 4018 conviciorum
495 3967 707 4034 turpissimorum
725 3968 761 4024 ,in
781 3967 888 4034 scriptis
913 3966 995 4019 ellici.
1033 3965 1080 4024 sed
1099 3978 1168 4016 anuo
1188 3971 1283 4041 '¹¹¹⁰.³.⁰
1298 3953 1357 4004 dm-

290 4037 335 4090 dio
353 4036 539 4105 praeterlaplo
560 4039 648 4089 inanis
675 4046 701 4090 et
725 4037 868 4090 infecunda
888 4039 1114 4104 exspectationum
1139 4042 1226 4087 aestus
1242 4042 1280 4079 ‘ua
1297 4019 1357 4101 eilo-

291 4109 356 4172 ruit,
378 4117 405 4161 et
423 4109 494 4177 quod
514 4115 555 4160 est
572 4110 600 4159 in
620 4109 765 4176 proverbio
777 4107 845 4162 illud
855 4111 1029 4178 conspicuum
1043 4115 1116 4160 eret:
1136 4099 1290 4174 parturiebat
1297 4101 1356 4178 ‘emm

290 4187 322 4234 ut
340 4181 415 4232 aiunt
433 4193 510 4231 mons
525 4186 553 4230 et
574 4181 669 4248 genuit
687 4195 807 4246 murem3
826 4188 853 4232 et
870 4181 898 4232 iu
918 4179 1048 4234 curbones
1068 4177 1186 4230 obierant
1198 4173 1304 4252 theospis
1318 4173 1354 4244 ,⁰¹¹

291 4249 423 4324 spectati3
451 4257 478 4306 et
496 4265 565 4322 quae
584 4252 618 4306 de
645 4251 796 4320 huiusmodi
816 4267 879 4308 cusu
899 4251 1053 4306 ferebantur
1071 4248 1212 4319 proverbia
1226 4237 1300 4296 laede
1317 4241 1354 4282 uu
