2910 4896
279 294 353 368 usu
582 277 807 367 uruuruonr
837 251 1139 370 'rsurseouuu¹¹

274 462 369 534 στόνς
387 453 493 542 οἵσπερ
515 461 604 524 idias
624 459 693 526 τινά
711 461 746 524 τά
777 459 851 538 θεὸς
872 455 953 526 εἶναι
974 465 1073 546 λὲγεις
1104 454 1204 544 άνομω
1225 457 1364 531 άντιστσν
1436 465 1437 542 ξ

275 562 330 624 νοΐ
348 557 483 642 δεάτητσ
506 560 782 646 πρὸς“δισφο’ροος
805 562 959 647 θεάτηςος
979 561 1186 647 μεριζόμενον
1207 559 1361 646 σ’πειράιις
1436 555 1437 634 λ

272 660 412 745 (insipere
448 659 675 744 ὑπερκειμένας
714 661 770 726 aad
797 662 984 748 ὑφειμένως,
1021 658 1128 747 άάσπερ
1163 663 1199 728 τά
1230 665 1357 732 καθόλου

273 762 354 840 ζῶον
370 762 414 836 εἷς
431 760 571 847 διάφορα
584 762 638 846 την
655 762 754 847 φάσιν
773 761 853 850 εἴδη,
875 763 983 848 λογικά
998 789 1031 830 τε
1053 765 1107 830 καὶ
1122 759 1231 849 item,
1254 763 1360 850 ἔνοδρά

269 888 303 929 τε
324 862 379 928 καί
400 856 535 946 desipis,
553 863 691 946 χερσαῖά
703 889 735 931 τε
749 869 804 931 κατ’
818 868 959 950 αἰθέρια,
980 867 1035 931 οὑκ
1050 866 1143 943 εἰδιάς
1165 863 1209 933 άτι
1227 869 1260 933 τά
1283 874 1381 947 διΐστη

271 962 394 1028 άπλοῦν
414 957 450 1027 άν
476 967 532 1028 κατ’
551 958 720 1046 άσσάματον
742 966 859 1048 ἀμερὲς
882 969 914 1046 ἐξ
938 968 1075 1052 άνάγιιης
1104 971 1273 1050 ἑστι’,.κσι“
1294 970 1360 1032 οὑδὲ

271 1061 371 1129 πολλά
393 1063 535 1148 μογήσας
556 1090 604 1140 τις
627 1069 730 1143 δεῖξαι
753 1069 906 1153 δυνηθείη
925 1059 963 1132 άν
987 1060 1052 1134 οὔτ’
1076 1071 1121 1144 εἰς
1141 1068 1176 1134 τά
1199 1071 1361 1156 ὑφειμένον

271 1155 341 1230 οὔτ’
362 1167 407 1242 εἰς
429 1165 463 1231 τά
480 1163 698 1251 ὑπερκείμενον
718 1169 926 1254 μεριζομάνην
946 1169 1001 1254 την
1020 1169 1119 1254 μόνην
1139 1175 1259 1255 ἐκείνην
1279 1164 1361 1234 darr-

271 1289 344 1332 στον
366 1271 421 1332 κοτ’
440 1264 539 1356 πάντῃ
562 1269 734 1349 άμὲριστον
757 1272 870 1333 ου’σίων
891 1293 922 1337 τε
957 1269 1011 1335 καί
1030 1268 1192 1355 θεάτητω·
1234 1266 1255 1354 ἢ
1278 1271 1310 1336 τό
1330 1295 1360 1354 ys

221 1449 224 1460 η
273 1367 447 1450 δεύτερον,
468 1373 593 1434 πολλῶν
615 1368 677 1432 ὑπὸ
700 1375 760 1434 σοῦ
790 1373 1008 1453 δοξαζομένων
1036 1376 1190 1438 σ’κτίστων
1210 1375 1292 1437 θεῶν
1312 1371 1360 1434 καί
1368 1389 1393 1442 10

271 1467 452 1556 θεδτητων,
474 1473 530 1536 ἕνα
552 1475 614 1535 τοῖν
639 1474 761 1535 πολλῶν
782 1468 864 1538 εἶναι
893 1475 992 1556 λέγεις
1025 1476 1081 1538 κατ’
1102 1474 1157 1536 τάν
1181 1474 1254 1558 ἡμῖν
1275 1475 1361 1550 δοξο-

275 1566 405 1649 ζάμονον
436 1566 566 1654 ποιητην
597 1575 654 1636 τοῦ
686 1572 811 1648 ποντάς.
863 1577 918 1638 κατ’
950 1571 1036 1640 ἔστιν
1063 1577 1186 1661 ω’μφοῖν
1206 1575 1360 1655 οὐδέτερον

272 1671 419 1751 σι’σεβείος
445 1667 623 1754 ὑπερβολήν
645 1682 850 1755 παρολεῖπον.

204 1783 257 1837 11
375 1772 485 1855 Τρίτον
500 1776 535 1836 δὲ
556 1771 603 1838 ὅτι
626 1774 681 1839 κατ’
699 1772 755 1850 τάς
777 1781 868 1851 θειός
889 1774 1079 1856 ὑποστάσεις
1101 1779 1270 1852 οἷνοοσιόσς
1287 1769 1358 1839 εἶναι

276 1870 417 1952 δοξάζων
438 1868 550 1955 ἑάλως,
571 1870 676 1960 άάσπερ
701 1879 756 1940 xus*
779 1876 927 1953 πολλάκις
955 1872 1016 1964 ἤδη
1039 1881 1202 1964 πρότερον,
1222 1877 1262 1953 σάς
1283 1879 1392 1958 νινε-15

269 1977 353 2040 σδσί
369 1999 419 2040 σοι
451 1972 510 2050 τάς
538 1974 729 2053 ὑποστάσεις
759 1964 1008 2054 άννάοοτάτοσς.
1069 1979 1105 2043 τὸ
1131 1977 1191 2062 γάρ
1223 1978 1359 2041 σ’νσὺσιον

270 2075 500 2142 ἀνυπόστατον·
543 2077 599 2142 καί
620 2077 730 2142 λοιπὸν
753 2075 796 2154 σάς
827 2073 903 2144 drus
932 2084 987 2144 καί
1015 2079 1072 2157 τάς
1099 2081 1266 2154 άνοοσάοος
1287 2081 1359 2141 ἑκεί-

270 2201 326 2252 νοις
360 2179 510 2263 θεότητος
543 2183 588 2254 εἰς
626 2171 756 2264 άπειρον
789 2180 929 2264 ἀριθμὸν
960 2181 1121 2267 θεοτήτων
1158 2185 1359 2265 πορσπέμπης

269 2279 439 2359 ιιίττάστων,
476 2281 670 2356 ὑποστάσεις
706 2275 786 2347 εἶναι
820 2284 875 2348 uui
902 2285 1022 2359 τωὺιος
1057 2280 1218 2362 δοξάζεις·
1268 2285 1317 2345 κοτ’
1345 2273 1359 2340 δ

269 2380 418 2454 πολλάκις
440 2377 541 2459 ἑάλως
563 2383 714 2470 γράφων,
750 2383 794 2467 μη
818 2381 1067 2466 τρισοπάστοτον
1089 2379 1173 2449 εἶναι
1194 2383 1288 2466 μόνον
1309 2380 1390 2464 sirau

268 2483 362 2546 θοάων
396 2480 492 2567 φάσιν
513 2483 595 2547 άλλά
617 2482 671 2548 κατ’
691 2484 973 2569 πολοοπάστοτσν,
993 2490 1087 2552 τοῦτο
1118 2486 1281 2552 κάνταῦθα
1310 2505 1357 2546 ιε-

269 2811 382 2866 deitstes
399 2811 533 2865 increatas
563 2820 687 2881 tanquam
716 2828 801 2882 genus
828 2815 957 2882 quoddam
976 2815 1114 2868 contendis
1141 2815 1219 2867 deum
1238 2829 1294 2866 esse
1309 2826 1354 2863 no.

269 2900 330 2936 men
352 2884 498 2937 increatum
519 2892 546 2936 et
564 2885 748 2950 divinitatem,
769 2885 883 2938 diuisum
902 2888 1053 2938 sexcenties
1081 2887 1108 2937 iu
1128 2887 1249 2938 diuersas
1264 2883 1354 2936 diuini.

268 2963 337 3008 tates
355 2956 492 3024 impositas
514 2963 541 3007 et
556 2955 718 3018 submissas,
746 2955 822 3008 uelut
851 2958 947 3010 animal
974 2960 1001 3010 iu
1028 2959 1182 3010 universum
1202 2957 1354 3009 indiversus

269 3028 338 3098 quod
358 3027 389 3078 sd
402 3035 521 3080 naturam
541 3029 636 3081 attinet
655 3028 771 3094 speeies,
787 3028 913 3080 animalia
930 3029 1052 3082 nimirum
1073 3031 1180 3081 ratione
1205 3029 1316 3096 praedita
1332 3031 1354 3076 et

269 3100 405 3164 destituta,
425 3101 452 3149 in
470 3115 539 3167 aqua
560 3100 681 3150 viventia
703 3106 730 3149 et
751 3115 876 3168 aquarum
896 3102 1034 3167 expertia,
1053 3102 1192 3152 terrestria
1214 3108 1240 3151 et
1257 3100 1283 3150 iu
1300 3102 1353 3148 aere

266 3171 406 3223 viventia:
426 3171 563 3238 ignorans,
582 3185 679 3221 numen
699 3170 826 3229 divinum.
848 3173 910 3240 quia
929 3172 1043 3239 simplex
1063 3179 1103 3222 est
1122 3179 1149 3222 et
1168 3173 1352 3238 incorporeum,

265 3245 420 3293 necessaria
456 3257 515 3292 esse
541 3241 723 3305 individuum,
750 3257 839 3309 neque
866 3243 893 3293 in
919 3245 1083 3310 suppositum
1102 3258 1190 3309 neque
1210 3244 1236 3293 in
1255 3239 1353 3307 imposi-

266 3320 320 3364 tum
344 3312 428 3363 dividi
449 3310 532 3364 solam
552 3312 625 3363 iiiam
647 3313 791 3364 increatam
819 3321 845 3365 et
864 3317 970 3365 omnino
997 3314 1159 3365 individuam
1180 3314 1316 3364 essentiam
1332 3315 1353 3358 et

265 3384 442 3446 divinitatem,
462 3384 572 3435 multum
593 3382 755 3435 elaborando
775 3386 913 3451 quisquam
933 3387 1114 3436 demonstrare
1144 3385 1245 3450 possitz
1264 3389 1314 3444 aut,
1332 3377 1352 3428 id

266 3454 336 3524 quud
358 3453 469 3505 aiterum
503 3462 560 3516 est,
592 3470 650 3504 eum
688 3454 785 3505 multos
813 3456 907 3507 credas
936 3457 1069 3507 increatus
1098 3455 1162 3506 deos
1193 3463 1219 3506 et
1243 3454 1351 3510 deitates,

266 3541 346 3578 unum
376 3540 410 3575 ex
435 3524 477 3575 his
500 3523 590 3575 multis
621 3541 681 3576 esse
714 3527 853 3577 contendis
881 3527 960 3578 etiam
984 3526 1078 3590 iilum,
1100 3527 1146 3593 qui
1173 3525 1249 3577 nubis
1275 3521 1352 3574 eredi-

267 3605 309 3648 tur
328 3597 416 3646 mundi
435 3595 556 3647 uniuersi
583 3605 702 3660 creator,
723 3611 834 3664 quorum
855 3606 977 3649 neutrum
1002 3598 1111 3649 muitum
1138 3595 1245 3647 abesta
1266 3605 1351 3645 summa

268 3668 415 3734 impietate.

368 3761 455 3814 Tertio
479 3761 541 3814 loco
560 3762 744 3830 deprehensus
765 3780 793 3816 es
814 3766 925 3832 opinans
945 3764 1105 3818 substantias
1125 3765 1230 3816 divinas
1250 3760 1353 3813 essentis

269 3847 372 3896 carere,
394 3842 423 3886 ut
442 3835 521 3884 etiam
540 3849 734 3900 saepenumero
761 3838 813 3887 iam
841 3845 933 3900 autea,
959 3838 996 3888 ita
1022 3845 1055 3888 ut
1069 3835 1233 3888 substantiae
1252 3833 1297 3884 tibi
1315 3831 1351 3881 vi-

270 3905 381 3957 deantur
403 3919 456 3955 uon
482 3904 614 3956 substare.
657 3908 726 3974 quod
757 3909 827 3958 enim
849 3908 964 3959 essentia
993 3916 1085 3970 caret,
1103 3906 1267 3958 substantiae
1285 3903 1350 3952 etiam

273 3982 314 4027 est
336 3991 443 4043 expers,
464 3983 490 4026 et
508 3977 638 4044 sequitur,
658 3987 695 4040 ut,
715 3979 738 4028 si
760 3978 821 4030 illas
835 3995 942 4046 quoque
961 3978 1114 4031 divinitates
1134 3978 1250 4028 essentia
1268 3987 1350 4024 careu-

273 4055 315 4100 tes
336 4047 522 4098 innumerum
542 4047 672 4099 infinitum
691 4050 856 4101 divinitatum
879 4051 1055 4102 increatsrum
1074 4049 1187 4110 dividas,
1207 4044 1350 4100 substautias

276 4117 370 4170 eodem
388 4118 466 4169 modo
489 4133 549 4170 esse
568 4120 667 4170 divisas
687 4121 823 4188 opineris:
843 4129 869 4172 et
887 4121 956 4188 quod
976 4137 1057 4188 saepe
1075 4119 1195 4172 scribens
1214 4115 1350 4184 deprehen-

281 4205 325 4244 sus
345 4207 383 4256 es,
402 4203 456 4242 nun
475 4188 561 4242 sulum
589 4191 666 4242 trium
693 4191 896 4245 substantiarum
927 4207 986 4262 esse
1015 4200 1133 4245 naturam
1158 4191 1285 4252 diuinam,
1313 4181 1350 4236 sed
