2926 4906
140 418 354 485 arsaoaraa
373 416 631 485 erasmiana
647 419 790 484 xxxin.
809 403 936 486 1-5.
968 381 972 400 ’
1027 403 1108 487 tot

44 581 193 669 άνθράποις
212 583 331 666 τολμᾶν
351 577 470 667 δρατῆν
493 573 651 668 εἶναιτὴν
674 581 770 670 φάσιν
790 585 847 650 τοῦ
868 586 932 649 τοῖν
955 583 1105 652 ἁπάντων

42 686 205 770 δημιουργοῦ
232 683 319 748 θεοῦ.
361 681 406 768 μὴ
433 675 491 748 σάν
521 680 572 750 δτι
601 684 732 772 θρήνων
761 683 817 750 καί
845 684 993 772 δακρύων
1014 683 1123 766 άλξιονΙ

41 785 204 868 παμπόλλων
221 786 353 873 πάτριον
376 783 479 872 δόγμα
502 787 560 872 τῆς
567 788 736 872 ἐκκλησίας
751 788 919 864 ,κινοῦντας
931 793 998 864 τοῖς
1020 788 1104 853 άπα-

41 892 164 962 πολικοῖς
192 888 311 972 ἐκείνης
332 885 534 970 άναθέμασιν
561 881 694 964 ἑαυτοὺς
715 879 818 952 iactat*
833 886 996 974 παρέχειν,
1021 887 1105 954 ἄλλά

26 985 78 1052 διαί
91 988 197 1069 μανίας
218 986 303 1072 ἐμοῦ
323 988 379 1052 καί
402 987 601 1076 ἠλιθιότητος
622 988 713 1074 μίμεο
740 989 873 1052 τοιαῦτα
903 987 1104 1072 λογίζεσθαι.

40 1086 76 1150 ἐπ’
98 1087 151 1174 γάρ
182 1093 289 1155 πάσαν
315 1089 527 1177 διδασκαλίαν
553 1090 609 1154 καί
640 1091 749 1154 πᾶσαν
769 1088 915 1174 μάθησιν
945 1090 980 1153 ἐκ
1001 1093 1104 1174 προδ-

41 1191 192 1276 πορχοάσης
212 1185 361 1276 γίνεσθαι
386 1192 548 1277 φάσκουσι
562 1189 720 1276 γνώσεως.
764 1191 817 1253 δεῖ
833 1186 896 1274 γάρ
920 1189 1140 1275 μαρτυρίαςΙ

41 1290 61 1351 ἐν
75 1298 128 1368 τοῖς
143 1293 294 1368 τοιοάτοις
316 1293 439 1368 ἐκείνας
460 1292 653 1379 προβάλλειν
674 1293 719 1368 εἰς
739 1292 901 1377 προῦπτον
922 1290 978 1356 καί
992 1289 1103 1377 «σαφε-

45 1391 123 1474 πέραν
149 1393 286 1478 δήλωσιν
314 1398 378 1458 τοῖν
402 1393 633 1479 άτελεστέρων,
666 1391 705 1456 αδ
731 1394 773 1478 τῇ
802 1391 866 1455 τῶν
889 1389 1104 1477 ἀνθρωπίνων

24 1489 185 1576 illicitator
207 1497 242 1560 ἐκ
264 1498 392 1581 πρώτης
412 1492 565 1580 γενέσεως
586 1493 743 1582 συνηθείᾳ
770 1491 900 1558 κανόσιν
931 1491 1105 1566 ἀθανάτοις

44 1594 161 1678 μαθήσεις
180 1593 379 1680 ἦλικιιάτιδες
399 1597 554 1682 γίνονται,
581 1593 753 1660 κάντεῦθεν
775 1593 959 1678 άμοιβυίαις
971 1591 1103 1676 ,ἴχνεσιν
1131 1624 1138 1660 ι

45 1691 217 1779 διομομίνους
245 1699 421 1782 βαθμίδων
447 1697 537 1782 δίκην
566 1703 637 1774 ταῖς
665 1693 746 1762 κατὰ
767 1695 885 1784 μικρὸν
903 1694 1105 1782 ὖπαλλαμαῖς

40 1797 79 1857 coir
96 1795 248 1883 άναλόμων
273 1797 479 1885 πρόσθέσεοίν
509 1821 543 1864 τε
577 1799 633 1865 καί
654 1797 861 1887 δφαιρέσειδν
892 1800 1105 1883 συμβιβάζειν

39 1917 72 1958 και
95 1921 131 1984 up
156 1925 211 1985 της
240 1901 417 1987 επιστημης
445 1899 524 1988 ἦλίιμ
557 1902 785 1989 καθαρώτερον
821 1897 884 1987 ἤδη
919 1901 1102 1987 προσάγειν,

24 1993 110 2077 inperia
137 2003 288 2085 διδακτῆς
321 1997 417 2086 οδσης
445 2005 501 2086 τῆς
523 1989 698 2086 ἐπιστήμης
723 2000 1000 2088 προϋπάρχουσαν
1021 1995 1104 2066 εἶναι

39 2098 185 2179 λομζεσθαι
205 2105 327 2188 γνῶσιν
348 2100 404 2187 τὴν
436 2093 500 2167 τῶν
522 2103 706 2187 αἰσθήσεων
728 2099 956 2167 αὐτοδίδακτον
976 2100 1103 2188 πρώτην

39 2198 187 2284 κατάληψιν,
211 2201 273 2289 ἀφ’
295 2195 334 2287 ἧς
359 2201 402 2280 ὥς
424 2204 459 2267 ἐκ
478 2203 605 2289 πρώτης
628 2202 731 2288 ἀρχῆς
760 2201 816 2266 καί
845 2204 948 2287 πημῆς
978 2199 1008 2264 οἱ
1037 2183 1110 2264 πάᾸ

41 2319 77 2377 itt
91 2299 253 2388 ἐπιστήμης
271 2302 489 2386 άποβλάζουσι
512 2299 626 2390 (idonee
643 2306 707 2366 τῶν
726 2325 761 2370 τε
779 2307 845 2377 τοῖς
858 2303 1025 2387 αἰσθητοῖς
1046 2301 1102 2368 καί

47 2395 178 2484 διοιοητοῖς
204 2404 265 2470 καί
296 2411 420 2488 νοητοῖς
447 2403 693 2490 ἐνυπαρχόντων
721 2400 807 2487 ὅρων
827 2401 884 2468 καί
910 2401 1022 2486 λόγων.
1061 2398 1134 2474 ads

24 2491 84 2578 i⁰739
96 2503 210 2581 βλέπειν
232 2503 322 2590 ἡμᾶς
344 2505 399 2570 καί
421 2505 554 2584 οἷκοάειν,
574 2505 633 2570 καί
650 2497 707 2570 νῦν
727 2505 788 2588 μὲν
809 2504 951 2589 γλυκίων
970 2501 1027 2569 καί
1045 2525 1100 2566 πι-

40 2601 95 2678 κράν
115 2606 332 2672 αἰσθάνεσθαι
359 2603 413 2670 διά
439 2607 495 2690 τῆς
512 2605 657 2692 ηεάσεως
689 2607 744 2670 νδν
767 2605 802 2671 δὲ
822 2604 970 2690 τραχέων
990 2627 1024 2668 τε
1044 2601 1101 2667 καὶ

36 2696 100 2763 λείων
117 2703 166 2770 διά
191 2710 250 2792 τῆς
273 2703 376 2792 οἷησῆς,Δ
400 2705 456 2770 καί
483 2699 533 2772 ὅτι
558 2699 681 2792 θερμὸν
705 2707 763 2771 καί
787 2701 959 2770 καυστικδν
976 2701 1012 2770 τά
1034 2703 1098 2789 πῦρ

34 2795 71 2860 κοί
84 2805 200 2894 ψυχρὸν
221 2805 245 2892 ἦ
265 2803 366 2888 xenia,
399 2807 508 2874 κοιναί
523 2808 604 2872 εἰσιν
629 2805 749 2874 ἔννοιαι
769 2807 872 2872 πάντα
893 2806 951 2870 καί
971 2802 1100 2870 αὐτοδί-

36 3129 113 3204 titoque
138 3127 306 3181 invisibilem
331 3143 392 3182 csse
414 3143 469 3181 non
494 3128 588 3188 selum
605 3127 757 3181 bominibus
781 3127 829 3181 sed
853 3127 933 3179 etiam
959 3126 1024 3195 ipsis
1048 3140 1099 3179 an.

35 3187 86 3251 tels.
108 3200 162 3264 quis
181 3201 267 3268 igitur
280 3207 332 3252 tam
343 3200 501 3252 temerarias
521 3208 562 3253 est
579 3208 706 3267 tantaque
724 3200 839 3264 amentia
849 3206 952 3266 captus,
969 3205 1000 3251 nt
1019 3213 1100 3265 quum

33 3271 135 3338 creaturae
154 3270 319 3324 invisibiles·
331 3272 395 3336 sint,
414 3271 473 3324 dico
492 3270 616 3340 angelos,
635 3272 755 3336 animas,
775 3272 928 3334 daemones,
947 3267 1099 3322 bominibus

30 3327 93 3385 dicere
110 3341 203 3393 audeat
224 3341 361 3394 visibilem
382 3357 443 3394 esse
470 3351 590 3396 naturam
609 3343 653 3394 dei
673 3343 718 3410 qni
738 3349 833 3396 cuncta
850 3341 1014 3408 procreavit.
1045 3356 1098 3394 ne.

29 3413 64 3464 tte
79 3408 154 3461 solnm
179 3414 207 3463 in
229 3413 413 3464 misericordia
438 3421 530 3466 nostra
553 3421 580 3467 et
602 3413 693 3467 multis
709 3413 827 3468 lacrimis
851 3420 914 3465 sunt
940 3413 987 3482 qui
1011 3411 1098 3479 patrio

29 3469 121 3536 dogmate
140 3482 276 3534 ecclesiae
286 3484 362 3535 laeso
375 3485 552 3552 apostolicum
572 3486 710 3537 anathema
721 3484 888 3550 sibimetipsi
907 3483 1099 3546 contraxerint,

29 3542 138 3625 ttd'patet
161 3555 242 3606 etiam
263 3554 345 3606 multa
372 3571 417 3606 eos
444 3556 472 3608 in
491 3557 642 3608 temeritate
665 3565 691 3608 et
716 3557 830 3608 amentia
850 3557 972 3620 versari,
998 3555 1098 3623 quippe

29 3625 59 3692 ηιι
73 3632 167 3673 omnem
188 3625 279 3676 dicant
297 3627 443 3678 doctrinam
464 3635 490 3678 et
509 3642 612 3679 omnem
632 3627 812 3694 cognitionem
824 3627 883 3677 lieri
899 3641 932 3678 ex
950 3633 1042 3678 nostra
1051 3639 1097 3676 aa..

28 3687 87 3764 lite·
121 3707 179 3746 nam
201 3696 229 3747 in
249 3695 401 3756 huiusmodi
421 3696 501 3750 rebus
530 3699 564 3748 iis
588 3698 714 3750 utendum
739 3705 780 3750 est
797 3697 958 3750 testimoniis
977 3696 1010 3748 ad
1029 3711 1097 3748 con..

31 3765 117 3816 'lienam
142 3772 169 3816 ct
186 3765 336 3831 planiorem
355 3768 518 3820 inlicitorum
536 3767 751 3832 revelationem,
769 3782 846 3840 xquae
866 3783 899 3820 ex
924 3767 1096 3820 bumanorum

30 3835 123 3882 tarnum
151 3836 214 3888 inde
238 3853 254 3889 a
281 3839 372 3904 primis
397 3856 412 3890 a
433 3836 549 3904 pueritia
568 3839 683 3892 motibus
705 3839 898 3892 consuetudine
927 3841 1096 3907 cognitiones

29 3899 115 3953 eradant
138 3905 331 3962 immortalibus
355 3909 459 3979 regulis
486 3909 624 3977 aequales.
673 3909 769 3962 deinde
798 3909 1022 3978 progrediendum
1055 3919 1098 3964 est

26 3961 105 4023 alterno
124 3979 241 4046 vestigio
260 3982 388 4047 gradatim
408 3989 435 4032 et
453 3981 482 4031 in
499 3980 621 4048 analogia
640 3979 766 4033 addendis
781 3989 807 4032 et
825 3980 961 4034 demendis
981 3981 1096 4034 conclu..

24 4032 112 4122 lindum
134 4063 166 4098 ex
186 4051 290 4118 exiguis
314 4067 384 4120 qnae
402 4051 568 4104 intercedant
588 4052 765 4116 differentiis,
796 4059 823 4103 et
841 4060 871 4104 ut
896 4053 1027 4106 scientiae
1053 4051 1094 4106 sol

24 4104 170 4182 damarim,
191 4123 314 4187 quoniam
329 4124 443 4175 scientia
453 4123 544 4175 doceri
557 4129 662 4189 potest,
682 4123 864 4176 demonstrare
884 4140 951 4192 opus
970 4133 1011 4177 est
1028 4124 1094 4177 sub.

25 4188 69 4230 ⁸¹³⁶
94 4189 242 4256 rationem,
267 4209 392 4245 sensnum
417 4194 553 4262 propriam
581 4209 613 4245 ac
637 4195 799 4261 primitivam
824 4196 1035 4263 perceptionem.
1078 4212 1094 4246 s

24 4259 66 4334 lli
79 4259 196 4326 tanquam
214 4277 229 4312 e
246 4264 331 4332 prima
353 4265 459 4333 origine
485 4279 517 4316 ac
535 4265 609 4317 lonte
628 4265 758 4318 scientiae
776 4268 861 4318 omnis
889 4267 1033 4334 prosiliunt
1052 4266 1095 4318 ri..

24 4317 67 4374 mh
83 4332 108 4377 et
124 4329 156 4383 iis
175 4347 244 4404 quac
261 4336 447 4406 percipiuntur
456 4371 465 4403 ‚
486 4338 637 4409 cogitantur
646 4374 656 4404 ,
673 4345 893 4410 cognoscentem
906 4338 1018 4393 subsunt
1034 4337 1095 4408 pri·
