2910 4896
264 284 339 366 224
399 339 402 346 ·
599 297 824 368 NICEPliOlil
854 296 1085 368 umorue

262 468 425 540 πλεισταις
454 463 730 545 συμπεπτωκότων
761 461 836 538 τοῦς
863 465 922 543 μὲν
952 466 1015 528 τσῦν
1036 458 1208 546 οἰκητόρων
1230 456 1360 548 θανάιηι

261 567 359 653 βιαίιρ
382 565 658 650 προπεμφθῆναι
681 568 908 646 συμπέπτωκε,
939 562 1013 640 τοῦς
1035 565 1072 630 δὲ
1091 571 1154 639 τοῖς
1177 563 1361 646 α’στυγείιο-
1435 586 1443 597 ·

227 681 313 734 noer
338 667 371 740 ἐξ
392 662 574 746 αὐτομάτου
609 668 809 751 προδοθῆναι
839 661 1017 750 βαρβάροις
1053 662 1253 748 ου’δημερόν.
1306 664 1361 727 τοῦ

263 765 324 851 γάρ
347 769 506 847 βασιλέως
523 768 792 852 Καντακουζηνοῦ
811 763 872 850 πρό
897 768 979 832 ότοῦν
1000 789 1063 831 που
1084 767 1185 847 δυσίν,
1206 758 1252 839 τός
1274 759 1361 846 εἴρη-

266 893 330 953 ται,
350 872 428 950 μίαν
453 872 516 933 τσόν
537 867 748 954 όχυριοτέριον
771 867 840 933 ἐκεῖ
856 868 979 935 πόλεων
1001 863 1222 952 παρασχόντος
1255 866 1383 938 adroldi
1446 865 1447 870 ¹

266 969 466 1056 οἰκητήριον,
502 963 582 1034 ιόστε
613 967 697 1052 ἔχειν
726 955 843 1045 αῦτοός
863 971 1065 1052 ἐπιτείχισμα
1100 967 1155 1033 καί
1172 968 1364 1049 συμμαχίαν

267 1070 438 1156 πρόχειρον
459 1070 540 1136 κατὰ
560 1071 789 1156 Παλαιολόγσυ
809 1073 866 1138 τοῦ
891 1073 1049 1155 γαμβροῦ,
1070 1067 1149 1137 κατά
1172 1069 1287 1152 χώραν
1307 1069 1365 1148 με’·
1447 1147 1448 1159 ρ

265 1194 329 1236 νειν
354 1172 454 1236 αῦτοί
480 1195 515 1256 γε
536 1171 594 1235 οῦκ
624 1164 759 1257 ἤνεγκαν
787 1174 845 1235 τοῦ
878 1173 1010 1253 λοιποῦ,
1040 1168 1122 1236 cilici
1148 1166 1226 1236 κατά
1253 1163 1362 1249 βραχό
1447 1167 1448 1170 ’

266 1270 467 1357 παρεξιόντες
498 1273 565 1357 αέί,
599 1275 654 1338 καί
679 1269 860 1355 ληιζόμενοι
891 1269 966 1346 τοῦς
992 1275 1054 1336 τοῖν
1085 1274 1210 1358 ἔγγιστα
1245 1264 1365 1332 πόλεσιν
1448 1297 1449 1318 ι

268 1369 387 1456 α’γροός
410 1375 525 1459 ἐφεξῆς
546 1374 652 1449 αότοῖς
674 1371 812 1455 α’νδράσι
836 1397 870 1438 τε
891 1374 947 1437 καί
968 1368 1169 1458 α’χθοφόροις
1199 1367 1294 1450 ζσόσις
1316 1365 1367 1432 καί
1375 1377 1400 1432 1⁰

270 1466 428 1555 ποιμνίοις
451 1469 561 1556 όπασι,
583 1476 689 1539 πᾶσαν
712 1478 746 1539 όν
768 1478 887 1560 βραχεῖ
909 1474 968 1556 τήν
996 1478 1052 1557 τῆς
1068 1469 1281 1556 Χερρονήσου
1310 1491 1367 1551 με·
1449 1504 1450 1580 ρ

154 1573 158 1582 ’
269 1574 393 1660 σόμειον
416 1572 590 1660 ἱππήλατον
601 1578 714 1662 σφίσιν
725 1575 835 1652 αόνοῖς
857 1577 936 1640 adad
950 1573 1182 1659 κατεστήσαντο
1198 1574 1254 1637 καί
1266 1595 1368 1655 στρα-
1449 1581 1450 1658 l

268 1677 398 1741 τόπεδον
421 1670 593 1763 ῦπαιθρον,
616 1678 709 1741 οῦδὲν
729 1678 784 1760 τῆς
804 1676 981 1752 Ἀσιάτιδος
999 1679 1056 1759 γῆς
1075 1673 1129 1741 καί
1148 1669 1249 1739 πάλαι
1269 1666 1368 1754 συνή-
1449 1687 1450 1714 ³

270 1781 350 1853 θσυς
374 1771 485 1854 ου’τοῖς
508 1777 686 1844 όπεοικόναι
710 1781 835 1843 δοκοῦν.
881 1775 930 1842 διό
952 1781 1006 1844 καί
1029 1777 1086 1862 τήν
1109 1773 1171 1840 σι’πό
1195 1779 1253 1840 τοῦ
1276 1797 1367 1839 σεισ-
1450 1808 1451 1886 ρ

136 1885 158 1942 i.
174 1882 224 1938 118
233 1899 261 1938 v.
269 1882 335 1960 μοῦ
359 1879 532 1966 συμφοράν
556 1883 591 1944 εἰι
605 1885 663 1946 τσῦ
682 1877 834 1964 σόνεγγυς
858 1879 1064 1962 θεασόμενοι,
1084 1876 1220 1962 τάχιοτα
1241 1870 1403 1956 εἰσεπή-λό

275 1983 376 2066 δησαν
396 1985 451 2046 καί
470 1980 558 2064 pitto
582 1981 718 2066 όπονητί
736 1979 817 2061 μετά
839 1985 900 2047 τοῦν
923 1984 1030 2046 οίκιιῦν
1058 1977 1292 2064 κατειλήφασιν
1313 1968 1369 2040 όσα

236 2095 261 2147 8
271 2081 315 2168 μή
338 2081 591 2167 κατεχάσθησαν
616 2081 799 2165 πράγματα.
849 2082 905 2146 καί
931 2087 986 2148 τοῦ
1004 2083 1117 2146 λοιποῦ
1141 2077 1221 2144 κατά
1252 2081 1369 2160 πλῆθος

273 2185 326 2247 αἐί
344 2182 546 2267 παρεξιόντες
569 2185 691 2247 ἐκεῖθεν
704 2181 761 2246 καί
785 2185 891 2248 πόσον
914 2178 974 2268 ἤδη
993 2183 1052 2266 τήν
1067 2185 1166 2264 μέχρι
1181 2181 1290 2243 ιιυλοόν
1303 2181 1371 2241 Bo-
1451 2195 1452 2246 ι

247 2359 250 2368 ,
276 2286 407 2364 ζαντίοον
428 2280 592 2368 ἐληίσαντο
622 2288 730 2350 πόλιον
758 2286 816 2368 μήν
848 2286 903 2347 καί
924 2283 1094 2366 Ῥωμαίοις
1116 2277 1285 2365 ῦβαιοντῦ
1310 2305 1371 2342 πσ-

276 2384 383 2469 ράπαν
413 2382 613 2469 εἰργάσαντο.
672 2385 792 2472 φόρους
813 2409 848 2450 τε
877 2389 1032 2452 ἐπόθεσαν
1062 2380 1203 2459 άπάσαις
1223 2391 1293 2459 ταῖς
1313 2386 1404 2462 με-λθ

279 2485 357 2564 ταξῦ
381 2486 501 2566 πόλεσι,
524 2486 742 2569 δεκαδάρχους
769 2483 954 2572 βαρβάρους
976 2485 1031 2551 καί
1051 2482 1240 2569 ἐπιτρόπους
1262 2483 1372 2558 αὐτοῖς

277 2581 492 2663 όνοικίσαντες.
536 2586 606 2651 ἄλλ’
628 2585 698 2651 οὐδ’
718 2583 801 2654 οῦτοι
823 2584 881 2672 τήν
896 2573 1028 2673 κομιδήν
1048 2585 1078 2652 οἱ
1099 2583 1231 2662 τάλανες
1254 2585 1372 2673 Θρᾷκες

279 2917 391 2984 bantnr3
409 2918 443 2972 ad
463 2919 529 2976 alius
548 2922 619 2991 quod
635 2922 732 2975 attinet
757 2924 840 2978 muris
866 2925 894 2978 iu
913 2922 1004 2976 orbem
1028 2923 1171 2977 destructis
1190 2929 1217 2974 et
1233 2915 1371 2974 domiciliis

279 2993 419 3045 maximam
437 3000 539 3060 partam
553 2993 680 3062 collapsis
701 2994 849 3047 incolarum
867 3011 928 3063 pars
944 2996 1022 3048 morti
1036 2994 1173 3048 violentae
1191 2990 1370 3046 committeba-

280 3074 339 3129 tur,
357 3080 418 3132 pars
437 3064 509 3116 ultro
534 3067 632 3118 vicinia
661 3065 780 3119 barbaris
809 3066 902 3118 eodem
927 3067 970 3119 die
994 3082 1023 3119 sa
1046 3067 1175 3119 tradebat.
1218 3063 1372 3133 praebuerat

282 3139 351 3189 enim
368 3135 571 3190 Gantacunenus
593 3153 641 3190 rex
656 3146 717 3190 aute
737 3140 802 3191 duos
822 3138 996 3202 fercannus,
1015 3147 1046 3190 ut
1059 3139 1156 3190 dictum
1177 3145 1226 3202 est,
1245 3145 1372 3188 nnuman

283 3207 388 3275 oppidis
406 3209 464 3258 eius
483 3209 603 3274 regionis
623 3208 701 3262 valde
720 3212 889 3274 munitorum,
910 3210 980 3280 quod
998 3212 1031 3262 iia
1043 3218 1114 3262 esset
1132 3208 1303 3262 domicilium.
1324 3205 1371 3256 hoc

283 3280 365 3347 igitur
386 3279 465 3330 modo
484 3287 593 3345 paratae
611 3281 644 3333 iis
665 3290 740 3333 erant
756 3283 918 3334 munitiones
939 3289 966 3332 et
984 3283 1111 3334 auxilium
1130 3275 1371 3334 contraPalaeolo-

283 3364 355 3418 gum,
375 3349 498 3414 alliuem;
518 3351 544 3401 in
564 3354 676 3418 regione
695 3354 793 3404 diutius
812 3368 919 3405 manere
938 3354 989 3421 ipsi
1008 3355 1164 3412 uoluerunt.
1186 3353 1233 3407 scd
1251 3348 1371 3418 paulatim

285 3426 431 3487 evagantes
449 3437 554 3489 semper
574 3430 601 3475 et
620 3424 776 3491 diripientes
796 3441 830 3477 ex
847 3425 1016 3476 finitimorum
1037 3427 1193 3495 oppidorum
1214 3424 1286 3492 agris
1305 3421 1371 3486 ipsos

283 3492 357 3544 viros
379 3492 505 3560 deinceps
523 3501 550 3545 et
567 3495 693 3547 animalia
712 3497 855 3548 sarcinaria
872 3505 898 3548 et
919 3511 1011 3548 omnes
1033 3500 1122 3550 ovium
1141 3512 1249 3566 greges,
1276 3503 1375 3543 omnem

283 3563 360 3616 brevi
374 3562 569 3617 Chersonesum
588 3568 807 3619 mediterraneam
827 3569 903 3636 equis
920 3576 1006 3635 aptam
1025 3570 1215 3637 sibimetipsis
1236 3562 1372 3620 reddebant

284 3642 365 3687 tutam
393 3642 420 3684 et
448 3644 534 3689 eastra
553 3637 602 3689 sub
622 3639 683 3690 divo
703 3647 785 3691 strata
809 3638 878 3691 nihil
902 3641 936 3692 iis
955 3639 1112 3694 videbantur
1132 3638 1272 3694 dissimilia
1292 3644 1372 3688 terrae

284 3705 420 3759 Asiaticae
440 3709 566 3776 priusque
588 3710 734 3762 consultae.
761 3713 851 3779 itaque
870 3710 1046 3764 calamitatem
1066 3730 1099 3766 ex
1118 3713 1206 3766 torrae
1224 3717 1296 3761 motu
1312 3717 1372 3774 pro-

286 3778 381 3829 iectam
404 3780 522 3831 cominus
543 3782 699 3848 conspicati,
719 3782 861 3834 celerrime
879 3782 1013 3837 intrabant
1041 3793 1068 3836 et
1085 3788 1143 3837 sine
1162 3782 1219 3835 nlla
1237 3794 1316 3849 opera
1331 3777 1372 3825 in·

286 3857 328 3900 ter
347 3847 483 3902 domicilia
507 3852 685 3918 compilabant
705 3869 737 3905 ea
757 3855 843 3908 omnia
859 3870 928 3922 quae
940 3869 993 3906 non
1014 3865 1088 3908 erant
1107 3857 1210 3908 obruta.
1249 3861 1275 3904 et
1292 3851 1371 3902 futuro

287 3927 408 3988 tempore
428 3925 583 3975 catervatim
605 3940 711 3991 semper
731 3925 899 3993 egredientes
931 3926 1027 3978 exinde
1053 3929 1134 3980 etiam
1152 3941 1256 3978 omnem
1275 3919 1371 3974 omniuo

288 3991 340 4042 iarn
359 4007 443 4060 usque
462 3995 494 4046 ad
514 4003 603 4060 portas
623 3995 784 4062 Byzantinus
812 4004 909 4047 terram
937 3999 1115 4065 compilabant
1139 3997 1321 4062 Romanosque
1342 3985 1372 4038 th

231 4107 239 4121 ,
289 4077 322 4114 ea
341 4077 449 4131 prorsus
468 4065 646 4117 deterrebant.
684 4068 830 4136 vectigalia
857 4075 944 4120 autem
964 4070 1094 4124 solvenda
1112 4069 1276 4136 imperabant
1294 4059 1374 4115 onni-

286 4134 348 4199 bna,
369 4152 437 4205 quae
455 4137 542 4189 media
561 4145 636 4189 erant
655 4141 769 4208 oppidis.
807 4140 965 4192 decadarchi
984 4141 1091 4195 barbari
1111 4149 1138 4193 et
1155 4138 1283 4208 praetecti
1300 4139 1326 4188 in
1341 4131 1373 4182 iit

291 4205 502 4266 collocabantur.
552 4211 599 4264 sed
627 4225 662 4262 ne
683 4213 719 4266 ita
749 4212 855 4284 quidem
883 4212 1025 4283 diligentia
1052 4215 1108 4268 eius
1134 4213 1243 4268 aestatis
1269 4209 1373 4264 Thraces
