2910 4896
204 381 420 452 msnomtn
447 379 706 466 mmsis
721 366 1035 454 nimii-dl.
1115 375 1188 454 νου

13 559 14 630 ζ
112 547 164 610 νύν
183 540 275 622 αὖθις
298 547 454 634 κρατῆσαι
474 551 653 633 συμβέβηκε
672 545 808 631 θρόνων,
833 549 878 634 aqi
900 550 935 614 dl
959 551 1105 638 Κοκκινρν
1126 549 1190 614 Φι-

111 651 216 735 λοθίρ,
236 651 310 732 πρίν
331 649 516 732 αἰσθέσθαι,
535 651 689 732 λαμπροῖς
721 652 843 715 ἐκεῖθεν
866 650 1068 735 δυερρῖφθαι
1088 647 1190 734 πύσης

109 743 269 832 ἱερωσύνης
303 745 443 831 γυμνόν,
471 748 515 822 nic
537 747 736 832 εἰρήκειμεν,
764 748 936 831 γράμματα
970 753 1080 837 ε’φοίτα
1103 751 1190 838 αύτῷ

109 847 176 928 πρὸς
195 851 256 912 τῶν
277 850 325 938 τρῖ
348 841 416 933 ὄρει
438 839 618 938 1quan
647 852 900 932 ἑνδιαιτωμίνων
930 853 1110 932 μοναδικῶν
1131 851 1190 915 ἆν-

88 949 190 1031 5δρύν,
210 951 361 1033 Νίφοονος
384 947 617 1033 νατηγορσύντύ
636 973 719 1027 τινος
740 954 802 1016 τοῖν
824 955 894 1015 ἐκεῖ
909 956 1060 1035 μοναχῶν
1081 949 1191 1034 ἱερέως

107 1049 258 1135 ιούπίτλρν
281 1051 450 1134 Σκορπίου,
472 1047 508 1124 dc
529 1049 819 1136 προκεκατηχύρητο
841 1048 902 1136 πρδ
924 1057 1064 1135 βραχέος
1079 1057 1132 1118 ἐπί
1152 1054 1192 1140 τῇ

12 1203 13 1206 ,
107 1151 160 1214 τιῖν
183 1153 408 1216 Μασαλιανούν
429 1153 485 1214 καί
505 1153 692 1234 Βογομίλαιν
714 1149 854 1234 αἱρέσει,
886 1156 1029 1228 σκιιυδούς
1051 1149 1195 1239 παις,’ναι“

107 1244 286 1335 ἀμαρτύρως
310 1247 367 1315 ἔτι.
422 1248 525 1340 τούτῳ
546 1256 656 1334 μέντοι
683 1251 775 1339 φίλος
796 1246 841 1316 da
862 1249 896 1315 ἐκ
925 1259 1043 1317 πολλοῦ
1067 1252 1193 1317 Κάλλι-

107 1375 169 1426 στος
189 1353 263 1418 ούδδ
286 1356 343 1417 νύν
364 1353 567 1438 πατριάρχης
593 1352 759 1437 γενόμενος
780 1355 837 1437 τῆς
857 1352 961 1416 αύτού
982 1358 1093 1438 φιλίας
1113 1353 1194 1417 aind-

75 1457 205 1537 tongera,
225 1452 308 1518 α’λλδ
330 1451 390 1533 μίοι
414 1477 460 1527 τις
482 1447 522 1535 ἦν
541 1459 575 1519 έν
596 1454 719 1540 α’μφοίν
740 1455 844 1536 ψυχή.
895 1452 944 1516 διδ
970 1456 1024 1518 καί
1044 1455 1193 1536 αι’ρχίζετο

105 1562 158 1627 τοῖς
175 1557 385 1639 κατηγόροις,
406 1553 462 1618 καί
480 1555 575 1636 τίραίς
605 1559 777 1641 ἐγγράφοις
799 1554 855 1618 καί
874 1554 1068 1640 α’φορισμυΐς
1090 1558 1195 1618 καθυ-

105 1657 208 1736 aiflois
230 1659 288 1721 καί
309 1655 409 1730 εἴτις
431 1654 481 1740 εἴη
503 1653 670 1722 πιστεύων.
700 1658 752 1742 ἐφ’
775 1648 820 1730 οἷς
844 1655 1090 1738 παροξυνθέντες
1112 1659 1195 1719 ἐκεί
1241 1647 1244 1656 ’

104 1776 155 1830 νοι,
173 1754 227 1820 καί
251 1749 320 1836 ἅμα
344 1754 379 1820 τύ
400 1751 522 1840 θύρρος
543 1753 667 1837 ἔχοντες
689 1757 723 1819 ἐκ
754 1759 810 1838 τῆς
830 1757 995 1839 α’ληθείας,
1016 1751 1193 1839 συνεληλύ-

104 1856 191 1918 θεσαν
211 1861 245 1922 da
268 1855 493 1940 συνθήματος,
520 1859 571 1940 ἐφ’
599 1847 696 1942 ούπερ
720 1855 794 1933 ἔθος
825 1848 864 1939 ἦν
886 1855 1041 1933 κάκείνοις
1062 1856 1115 1919 αἐί
1133 1879 1194 1920 συ-

73 1951 213 2042 ίομύντας
234 1963 401 2022 ποιεῖσθαι
416 1954 455 2023 τοὶ
472 1960 576 2022 τοιαδί
596 1960 659 2022 τούν
675 1956 872 2040 σκεμμάτων.
916 1961 972 2022 καί
990 1957 1087 2037 τόμος
1110 1960 1195 2022 ἐντί-

103 2057 183 2120 θεται
200 2065 272 2133 ταῖς
293 2058 443 2124 ἁπάντων
462 2057 588 2124 ἐκείνων
609 2061 803 2144 μαρτυρίαις
826 2060 1083 2141 συνειλημμένος,
1104 2056 1142 2121 toi
1159 2079 1194 2120 τε

104 2147 174 2222 itta
195 2161 300 2244 δηλῶν
320 2165 376 2224 καί
397 2155 445 2225 ὅτι
469 2160 507 2223 ου’
528 2163 590 2225 τῶν
611 2158 673 2223 α’πύ
705 2160 805 2242 τύχης
829 2161 885 2222 καί
912 2162 976 2222 τῶν
996 2161 1029 2234 έξ
1052 2155 1195 2237 αύτομᾰ·

102 2281 149 2321 του
176 2265 370 2341 συμπίπτειν
405 2259 580 2326 δοκούντων
609 2265 642 2326 ἓν
670 2286 702 2325 τι
731 2264 785 2324 καί
816 2257 851 2324 τύ
883 2262 939 2324 νύν
977 2261 1195 2343 πεπραγμένον

102 2351 250 2444 ύνιῇρχεν,
279 2365 332 2426 ἵνα
354 2365 409 2425 καί
437 2365 508 2450 σιμῇ
531 2363 676 2436 δεδωκούς
697 2385 761 2436 τιςΙ
779 2356 943 2445 ἀθόρυβον
968 2363 1029 2447 σχῇ
1052 2356 1196 2432 συνειδὸς

12 2499 14 2506 >
71 2459 148 2526 daal
163 2465 300 2552 μηδαμῇ
323 2459 381 2547 τὴν
402 2464 535 2547 καρδίαν
566 2462 736 2528 καθεύδειν
760 2460 815 2526 καί
844 2462 975 2546 ἠρεμεῖν
999 2462 1196 2543 βουλομένην
1298 2496 1301 2501 ·

104 2560 339 2646 α’ναμοχλεύον,
370 2561 454 2628 α’λλοὶ
490 2568 571 2628 θεού
601 2567 773 2650 υροφανοός
802 2566 858 2629 τού
885 2560 925 2628 τοὶ
959 2563 1081 2648 κρύφια
1115 2562 1197 2642 δῆλα

103 2659 245 2747 δρόντος,
266 2662 361 2732 ὁπότε
380 2664 529 2747 βούλοιτο
545 2661 673 2732 σύνεσιν
687 2667 847 2731 ἐντιθέναι
868 2653 915 2740 οῖς
930 2657 1090 2738 ἀσυνέτως
1111 2655 1197 2741 ἔχειν

106 3001 186 3052 cinam
205 3009 296 3055 antem
314 3000 485 3055 Philotheam
504 3005 657 3073 priusquam
684 3002 796 3055 sentiret
820 2999 959 3068 splendide
977 3015 1009 3050 ac
1030 3015 1089 3050 curn
1109 2997 1197 3067 gloria

106 3071 161 3124 inde
182 3075 295 3140 eiicere,
315 3075 386 3127 omui
407 3077 557 3128 sacerdotio
576 3075 728 3145 spoliatum,
749 3081 778 3125 ut
797 3074 918 3136 diximus,
941 3071 1044 3122 litteras
1064 3071 1089 3121 ei
1107 3069 1197 3121 attulit

104 3143 133 3193 nb
149 3145 359 3200 inhabitantibus
377 3146 510 3200 Athonem
528 3156 645 3199 montem
666 3149 732 3200 viris
756 3144 894 3208 solitariis,
913 3151 1068 3195 accusantes
1087 3139 1194 3209 Nipbo.

103 3219 308 3287 ncmqnendam
327 3218 435 3270 exiliis
454 3219 590 3272 monacbis
611 3219 777 3271 secerdotem
797 3217 955 3286 cognomine
975 3213 1129 3280 Scorpium:
1149 3213 1196 3280 qui

104 3294 173 3341 antea
193 3297 334 3342 accusatus
352 3290 440 3342 inerat
459 3291 537 3358 paulo
557 3291 630 3358 prins
651 3300 761 3359 propter
781 3288 997 3344 massalianorum
1020 3293 1047 3338 et
1066 3284 1196 3356 bogomi-

104 3354 181 3410 lorum
201 3361 328 3412 haeresin
348 3360 417 3413 clam
437 3363 503 3414 abiit
522 3371 548 3414 et
566 3363 627 3414 siue
645 3364 777 3427 testibus;
806 3361 869 3412 hnic
888 3360 994 3428 quidem
1012 3360 1112 3411 amicus
1132 3371 1197 3410 sane

105 3438 156 3481 crat
173 3432 257 3484 multo
280 3447 314 3482 ex
343 3441 464 3500 tempore
484 3434 630 3498 Callistus,
661 3449 750 3503 neque
768 3448 839 3486 nunc
862 3430 1012 3499 patriarcba
1032 3430 1118 3482 iactus
1138 3430 1197 3481 eins

104 3502 216 3554 amicitia
235 3503 377 3568 abstinuit3
401 3507 534 3557 sedunus
554 3507 611 3556 lere
632 3515 688 3557 erat
708 3508 736 3556 in
755 3513 869 3572 utroque
888 3505 999 3555 animus.
1028 3501 1199 3578 quamobrem

106 3573 178 3624 etiarn
197 3574 363 3627 irascebatur
383 3578 583 3629 accusatoribus
608 3585 635 3628 et
653 3578 716 3629 diris
735 3577 912 3644 imprecandia
931 3583 1011 3643 atque
1033 3575 1198 3625 condemna.

104 3643 216 3696 tionibus
236 3646 350 3698 subiecit
370 3650 438 3700 etsi
457 3651 516 3717 quis
535 3649 612 3700 fidem
632 3649 744 3701 haberet
767 3650 817 3712 iis,
837 3649 870 3699 de
891 3646 985 3715 quibus
1008 3647 1079 3697 inter
1106 3643 1198 3695 irrita-

106 3720 143 3765 tos
159 3716 223 3768 illos
243 3725 270 3768 et
288 3718 368 3770 simul
388 3735 423 3770 ex
432 3723 547 3772 veritate
567 3721 681 3772 animum
701 3720 831 3771 habentes
842 3719 970 3770 convenit
988 3731 1022 3769 ex
1040 3715 1197 3784 composito.

105 3799 152 3851 quo
172 3797 292 3856 tempore
318 3792 397 3843 etiam
421 3807 477 3842 mos
503 3800 559 3844 erat
577 3790 652 3856 illis,
685 3807 792 3859 semper
811 3791 1003 3842 convenientes
1023 3788 1114 3840 iacere
1131 3784 1199 3837 tales

105 3857 302 3926 disquisitiones
325 3869 351 3913 et
368 3869 455 3914 tomus
476 3864 618 3930 exponitur
636 3864 669 3914 de
688 3865 804 3915 omnium
825 3862 933 3914 illorum
952 3861 1112 3927 testimoniis
1132 3872 1200 3909 con.

107 3937 206 3994 ceptus,
225 3933 253 3982 in
273 3935 373 3985 ceteris
391 3936 469 3985 etiam
489 3934 631 4002 aperiens,
658 3949 712 3986 non
734 3950 767 3986 ex
786 3935 819 3987 iis
840 3949 908 4002 quae
928 3933 1038 3984 fortuito
1059 3940 1086 3982 et
1104 3935 1209 3997 sponte

107 4001 226 4054 accidere
244 4003 370 4057 videntur
390 4021 470 4057 unum
491 4006 612 4075 quiddam
637 4021 708 4058 nunc
725 4007 832 4076 quoque
853 3998 912 4057 esse
941 4005 1055 4068 factum;
1074 4009 1103 4055 ut
1122 4003 1201 4052 etiam

108 4069 211 4124 silentio
231 4073 344 4141 largitus
362 4076 460 4144 aliquis
478 4077 624 4146 tranquilla
640 4086 762 4129 uteretur
782 4076 958 4140 conscientia,
977 4091 1029 4127 nec
1046 4073 1103 4127 ullo
1122 4073 1201 4124 modo

107 4142 217 4196 inimum
237 4145 353 4204 dormire
373 4157 400 4199 ct
419 4149 552 4201 desertum
573 4163 633 4200 esse
651 4148 789 4201 volentem
816 4149 959 4200 excitante.
997 4148 1044 4200 sed
1062 4148 1128 4198 deus
1146 4144 1203 4196 sci-

107 4208 168 4266 licet
185 4217 293 4270 occulta
313 4227 405 4286 aperta
425 4223 519 4286 reddit,
539 4223 754 4290 quotiescunque
779 4221 836 4274 vult
853 4218 1037 4288 intelligentia
1064 4216 1203 4284 impertire

108 4297 162 4352 ⁰⁰¹2
179 4290 278 4358 quibus
297 4297 327 4342 ut
344 4307 400 4346 non
416 4300 527 4346 teneant
552 4307 644 4347 m
661 4293 705 4345 dei
729 4295 912 4363 cognitionem
930 4292 1037 4346 accidit.
1073 4296 1104 4342 ut
1121 4285 1203 4339 nimi-
