2926 4906
262 307 338 388 teo
581 321 806 418 urmaoar
836 319 1068 388 onrnontr

263 487 307 569 σή
327 483 476 569 θεότητος
495 483 611 570 μικρὸν
631 480 944 568 παρανοιχθτιλτηςῆ
965 487 1256 569 παραδειχθτιλτης,
1277 509 1347 568 προς

266 583 404 660 ἆτύποας
427 587 550 660 ἐννοίας
570 585 626 649 καί
643 584 732 667 μα’λα
752 585 793 670 τῇ
816 583 962 672 εὐσεβείᾳ
987 584 1174 672 ἀπρδούσας
1194 585 1347 668 ἐξενεχθή-

263 703 367 764 σεται,
395 671 533 771 μηδαμῇ
557 687 639 770 μηδὲ
671 688 718 770 τῷ
735 688 791 768 τῆς
813 685 988 768 ἐπιστήμης
1018 687 1103 770 φωτί
1136 685 1350 770 ἁρμοττούσας.

111 846 118 856 ,
195 803 251 856 ¹8
264 782 344 851 ύοτε
364 787 420 851 καί
440 787 570 872 σφόδρα
592 787 773 869 θαυμάζειν
807 785 880 867 ἐμοὶ
901 787 1065 869 aspriora,
1097 790 1165 862 πῶς
1188 787 1244 851 καί
1264 786 1351 849 πόθεν

264 883 282 949 δ
303 889 471 968 Παλαμιῖς
492 887 537 962 εἷς
557 885 705 962 τοιαύτας
723 883 819 960 εὐθὺς
837 885 1053 948 ἐκτετύπωται
1072 889 1290 972 βλασφημίας.
1319 881 1377 949 odo

261 984 323 1070 γὰρ
357 986 426 1066 ἔχει
458 987 560 1071 λέγειν
593 983 637 1062 οἷς
665 983 902 1070 παραστατικὸν
929 981 999 1049 οὔτε
1029 985 1065 1050 τδ
1100 989 1355 1070 ποραδειχδήνοι

262 1080 333 1150 οὔτε
349 1085 385 1151 τύ
406 1090 530 1172 μικρῶς
551 1111 619 1162 πως
656 1086 820 1170 ἀνοιγῆναι
850 1085 986 1170 θεύτητο
1015 1089 1073 1150 τοῦ
1102 1087 1251 1171 θεότητος
1278 1094 1355 1150 νοεῖν

261 1189 361 1252 ἐκεῖνο
381 1185 460 1262 τέως
480 1190 671 1272 γεγενῆσθαι
687 1184 722 1250 τι)
745 1187 824 1271 φῶς.
846 1186 1015 1271 λειπούσης
1030 1189 1091 1269 μὲν
1111 1186 1173 1272 γὰρ
1194 1189 1252 1269 τῆς
1273 1185 1356 1270 παρύ

261 1286 448 1372 προθέσεως
479 1287 536 1351 καὶ
570 1290 627 1351 τοῦ
651 1284 795 1372 (μικροῖς
829 1290 897 1362 πῶς
929 1286 1047 1364 ἐδειξε”
1068 1287 1124 1351 καί
1149 1289 1206 1350 τού
1226 1284 1357 1371 “μικρο“ν

261 1381 525 1471 παρήνοιξε”’και“
544 1389 607 1451 τῶν
628 1385 768 1468 δμοίων,
800 1381 885 1466 εἶχεν
917 1382 955 1451 ἄν
977 1412 1046 1464 πως
1077 1387 1170 1463 αύτύς
1189 1410 1224 1450 τε
1249 1389 1305 1452 καί
1324 1386 1356 1451 τδ
1367 1395 1399 1448 1⁰

260 1490 323 1552 τῶν
345 1489 563 1569 εἰκονομύχων
591 1491 727 1572 σμῆνος,
754 1489 784 1550 εἰ
807 1487 864 1553 κατ’
883 1485 929 1570 μή
954 1490 1101 1565 δικαίως,
1126 1488 1194 1551 ἀλλ’
1219 1483 1277 1551 ode
1294 1481 1360 1567 εἶχέ

260 1610 331 1650 τινα
354 1589 520 1673 πρόφασιν
548 1587 627 1664 ἴσως
658 1591 714 1671 τῆς
734 1589 881 1672 τοιαύτης
913 1587 1017 1652 αύτοῑν
1039 1587 1208 1673 αἱρέσεως·
1253 1590 1309 1652 νῦν
1332 1591 1387 1650 δ’.

263 1685 397 1769 ούδεμία
425 1686 454 1751 οἱ
484 1690 626 1755 λείπεται
647 1690 821 1775 πρόφασις.
864 1689 919 1754 καί
947 1689 1009 1774 γὰρ
1029 1692 1070 1776 τῇ
1093 1689 1286 1778 διδασκαλίᾳ
1306 1691 1363 1771 τῆς

260 1789 323 1850 τῶν
343 1789 458 1866 λέξεων
488 1789 661 1873 ἐπιστήμης
690 1788 720 1853 οἱ
750 1793 834 1853 θεῖοι
854 1793 909 1873 τῆς
936 1791 1103 1875 ἐκκλησίας
1125 1790 1261 1874 πατέρες
1283 1782 1360 1852 ἐπύ-

129 1901 368 1971 Ηλλιμινοι,
404 1891 581 1974 θεραπείας
598 1889 747 1965 τοιαύτας
765 1897 831 1966 τοῖς
855 1887 935 1954 οὕτω
958 1887 1075 1974 τύλμης
1097 1889 1211 1970 ἔχουσι
1234 1891 1402 1974 διανοή-15

192 2009 360 2074 ημασιν
382 1989 477 2055 αύτοί
491 2013 525 2053 τε
549 1991 745 2076 ἐπιφέρουσι
765 1993 821 2056 καί
843 1988 929 2074 ἡμᾶς
948 1995 1152 2076 παραινοῦσι.
1197 1981 1282 2078 φἀσί
1300 1991 1363 2076 γὰρ

259 2090 365 2158 καίοι(
393 2095 449 2176 τῆς
477 2089 625 2166 Ἑλλάδος
649 2094 768 2176 σοφίας
789 2092 844 2156 καί
867 2092 1041 2176 ἐπιστήμης
1069 2095 1242 2178 ἐφευρεταί
1270 2093 1310 2154 τύ
1329 2115 1364 2154 τε

261 2187 341 2259 ἄλλα
360 2194 426 2258 καί·
448 2192 642 2277 θεραπείαν
656 2186 737 2254 εἶναι
767 2195 830 2258 τοῖν
860 2193 1009 2256 τοιούτων
1036 2196 1195 2276 βραχεῖαν
1215 2193 1364 2277 προσθή-

148 2323 169 2342 ⁴
258 2319 334 2379 κην·
377 2291 412 2358 τδ
428 2292 490 2378 γὰρ
513 2285 580 2356 οἷον
610 2293 666 2357 καί
687 2291 865 2374 μονονουχί
879 2293 937 2357 καί
966 2291 1044 2368 ἴσως
1065 2292 1120 2356 καί
1140 2291 1175 2357 τό
1195 2295 1258 2358 τῶν
1280 2316 1364 2377 προ-

259 2395 383 2460 θέσεων
404 2395 586 2478 πολύοημον
619 2395 675 2460 καί
706 2394 862 2480 διάφορον
889 2401 955 2470 τοῖς
985 2394 1090 2478 λόγοις
1113 2391 1407 2479 προσλαμβανύ-οο

257 2519 353 2579 μενον
373 2501 513 2580 βραχεῖα
533 2496 593 2577 μέν
612 2497 680 2560 ἐστι
698 2495 869 2580 προσθήκη
891 2502 957 2571 τοῖς
985 2495 1098 2580 λόγοις,
1111 2491 1204 2558 attat
1226 2492 1306 2557 πάνυ
1331 2517 1367 2556 τι

260 2597 391 2682 σφύδρα
423 2594 459 2660 τδ
491 2599 548 2680 τῆς
577 2598 699 2673 ἐννοίας
729 2596 903 2662 ἀκόλαστον
931 2596 986 2659 καί
1008 2602 1202 2682 φλεγμαῖνον
1224 2601 1364 2669 λεαίνει,

259 2698 407 2783 καθάπερ
428 2696 468 2760 τὰ
482 2696 564 2784 πρδς
584 2700 646 2762 τῶν
665 2697 912 2782 Ἀσκληπιαδῶν
931 2693 997 2774 τοῖς
1008 2699 1157 2762 νοσοῦσιν
1178 2695 1365 2782 ἐπαγόμενοι

261 2798 434 2885 φάρμακα·
490 2798 546 2864 καί
565 2799 683 2882 μεσταὶ
712 2801 772 2880 μὲν
792 2793 962 2884 ἱεραῖτιῖν
991 2799 1141 2862 τοιούτων
1160 2801 1277 2881 βίβλοι,
1298 2821 1363 2880 με-

258 3089 290 3145 ad
309 3088 456 3148 sententias
474 3087 579 3155 ineptas
599 3095 626 3139 et
643 3103 661 3140 ι
680 3085 815 3156 religione
834 3084 1012 3138 alienissimae
1031 3085 1201 3152 perducetur,
1223 3084 1293 3136 etalt
1312 3085 1364 3137 in.

259 3159 430 3229 telligentiae
450 3158 550 3210 lumine
569 3159 756 3222 abhorrentes,
775 3159 811 3209 ita
830 3165 858 3210 ut
879 3156 1053 3208 vehementer
1072 3155 1137 3222 mihi
1155 3155 1245 3206 mirari
1267 3155 1365 3220 liceat,

261 3246 314 3299 quo
333 3231 438 3283 tandem
457 3231 536 3282 modo
554 3229 673 3283 Palemon
692 3231 779 3282 statim
799 3228 907 3280 adtales
926 3227 1278 3294 blasphemiarpervenerit.
1303 3243 1365 3280 non

261 3303 330 3354 eninr
350 3302 403 3354 dici
421 3311 543 3369 tauquam
564 3309 665 3354 eertum
684 3297 782 3369 potest,
803 3315 854 3352 nee
873 3300 943 3370 quod
965 3300 997 3352 ad
1016 3299 1206 3351 subindicatarn
1225 3300 1365 3366 necquod

259 3373 292 3424 ad
317 3371 485 3438 subapertarn
515 3373 639 3424 deitatem
658 3373 789 3440 pertinet.
816 3372 923 3423 deitatis
951 3370 1149 3438 intelligentiae
1170 3368 1257 3420 lucent
1283 3368 1365 3420 illam

261 3445 357 3496 laetam
382 3457 451 3494 erse.
471 3443 566 3496 relicta
586 3443 654 3495 enirn
675 3444 875 3510 praepositione
897 3441 986 3492 “sub'’
1007 3449 1034 3492 et
1052 3439 1156 3492 relictis
1182 3438 1365 3492 “subindica-

261 3516 302 3568 vit
323 3517 350 3564 el
370 3513 543 3580 subaperuit”
565 3521 592 3566 et
613 3529 681 3580 quae
700 3521 761 3566 sunt
780 3515 894 3577 similia,
916 3512 1027 3564 haberet
1047 3512 1150 3578 etipse
1170 3519 1197 3562 et
1217 3511 1364 3563 iconomo.

263 3584 373 3636 chorum
395 3583 507 3649 turbam,
526 3587 577 3636 etsi
595 3587 763 3648 anulariam,
783 3594 870 3646 tamen
892 3583 1003 3636 haberet
1014 3598 1117 3634 causatu
1132 3583 1364 3634 huiusmodihae.

239 3669 367 3730 ·reseos.
404 3668 475 3708 nune
494 3671 560 3709 vero
579 3655 655 3708 nulla
676 3664 800 3723 superest
818 3671 916 3718 causa3
945 3654 1107 3724 loeutiounrn
1134 3655 1203 3705 eninr
1226 3655 1363 3705 rationem

262 3729 348 3778 secuti
367 3727 451 3779 divini
473 3727 608 3780 eeclesiae
628 3736 716 3793 patres
729 3728 762 3778 ad
784 3728 912 3778 eiusmodi
933 3726 1115 3779 venerationis
1135 3723 1362 3776 insolentissimos

261 3799 408 3850 tententiae
430 3806 457 3849 et
475 3799 527 3866 ipsi
548 3797 678 3850 inclinant
698 3807 724 3851 et
742 3813 792 3852 nor
811 3799 993 3850 adhortantur.
1031 3812 1089 3848 nam
1102 3796 1230 3847 Graeciae
1246 3796 1362 3862 sapien.

260 3869 315 3920 tiae
334 3877 361 3919 et
378 3869 508 3920 scientiae
526 3871 682 3922 inventores
703 3878 809 3936 praeter
825 3869 881 3921 alia
901 3873 977 3922 etiarn
998 3868 1107 3920 brevem
1123 3867 1252 3918 eiusmodi
1273 3881 1362 3918 voca.

259 3938 383 3990 bulorunr
413 3941 616 3992 venerationem
643 3956 723 4006 esse,
750 3956 777 3992 v.
801 3957 829 4009 g.
855 3939 922 3992 illud
952 3940 1048 3991 “lere’'
1080 3946 1126 3990 aut
1149 3938 1305 3989 “fortasse''
1333 3945 1363 3989 et

257 4021 436 4078 quaecunque
454 4011 615 4065 adiectionis
627 4013 719 4063 variae
731 4018 759 4064 et
773 4012 897 4064 diversae
907 4011 1075 4064 sermonibus
1084 4009 1254 4074 adhibentur.
1292 4009 1361 4060 bre.

258 4093 307 4134 ves
324 4081 431 4148 quidem
451 4082 617 4134 adiectiones
640 4083 768 4134 orationis
787 4092 863 4147 sunt,
885 4083 932 4135 sed
952 4084 1103 4150 graviorem
1117 4080 1360 4132 etinsolentiorenr

258 4153 415 4218 sententiam
434 4152 512 4214 ualde
527 4154 885 4220 mitigantouenradmodnrn
901 4155 933 4206 ab
943 4153 1111 4221 Asclepiadis
1127 4152 1217 4219 aegris
1227 4151 1361 4204 adhiberi.

259 4228 302 4284 tor
322 4221 480 4277 medicinae.
519 4232 546 4276 et
564 4223 637 4292 pleni
658 4225 789 4279 eiusnodi
808 4226 1002 4281 uocabulorum
1020 4226 1090 4280 sacri
1109 4223 1194 4288 libri,
1211 4222 1289 4291 pleni
1306 4221 1363 4276 At.
