2910 4896
200 419 422 488 mesonma
440 419 826 489 amaurrmrruxrx.
844 407 1032 490 30-33.
1094 408 1168 490 ato

36 651 41 666 ,
92 577 161 664 ἔχειν
180 582 257 664 α’έρα
283 567 379 666 πνοῆς
404 583 612 668 ἀκραιφνοῦς.
662 586 742 674 α’κοῇ
763 587 790 648 δ’
811 577 897 668 ὅμως
920 583 1017 675 α’λίγηῐ
1039 573 1171 669 ῦστερον

92 680 284 766 παρειληφότι
308 681 362 748 ἕνα
380 685 435 749 καί
450 685 545 749 αότόν
568 679 701 766 εἶναίμε
722 691 784 751 τοῖν
807 688 935 752 ει’δότων
949 695 1169 770 συμπέπτωκε,

91 779 266 862 παμπόλλων
294 776 354 870 ἤδη
388 781 422 849 τό
448 788 584 868 πρᾶγμα,
599 789 653 849 καί
683 788 818 875 δημοσίρι
840 786 1073 871 θρυλλοόντων.
1118 789 1168 854 διό

90 885 141 946 τόν
168 884 256 949 οῦδὲν
291 886 420 975 ου’δαμῇ
441 909 479 972 γε
510 885 683 956 α’πεικότων
704 885 829 970 ἔδοξεν,
861 891 935 952 οῦδὲ
966 893 1022 953 τοῦ
1055 893 1171 973 καιροῦ
1195 911 1199 918 “

71 984 133 1048 teat
157 989 208 1068 τῆς
228 993 340 1070 χρείας
372 986 414 1062 σός
443 990 659 1071 πορρωτάτω,
691 993 728 1076 τῇ
750 989 874 1077 ἱστορίᾳ
910 993 964 1054 καί
995 987 1090 1054 τοῦτό
1113 1014 1194 1073 μοι,
1219 1047 1231 1062 „

88 1090 332 1172 συνυφανθῆναι,
356 1085 486 1172 ἔλεγχον
516 1092 575 1169 μὲν
599 1092 712 1176 κομιδῇ
735 1093 882 1174 προφανῆ
905 1091 1031 1172 κομίζον
1045 1093 1170 1162 ,θεόθεν
1214 1173 1216 1178 Ι

89 1184 151 1249 κατό
171 1193 225 1270 τῆς
245 1191 309 1254 τῶν
332 1191 472 1254 δεωκτόόν
495 1189 665 1269 ἀπονοίας,
690 1189 872 1256 παντάπασι
894 1193 923 1254 δ’
943 1194 1111 1276 α’κίβδηλον
1132 1187 1167 1254 τό

88 1289 136 1350 τόν
148 1291 345 1368 διωκομένων
365 1291 456 1373 ἡμῶν
475 1286 654 1375 όποφαῖνον
675 1288 834 1376 σόστημα.

171 1391 317 1478 Φιλοθέφ
352 1391 413 1474 γὰρ
451 1393 495 1478 τῷ
528 1394 671 1479 Κοκκίνφ
698 1391 871 1473 τηνικαῦτα
903 1395 1235 1478 πατρταρχεόοντιυ

13 1471 15 1498 ¹
60 1485 315 1575 1οέδοξεν,οόσπερ
339 1492 472 1575 ἕρμαιον
506 1489 563 1554 τόν
585 1491 699 1576 καιρόν
718 1487 894 1574 ἡρπακότα,
915 1493 1169 1578 μηχανήσασθαί
1196 1485 1198 1489 y

87 1613 111 1651 τι
128 1585 199 1674 πρός
219 1585 375 1656 σόστασιν
395 1599 451 1676 τῆς
472 1594 633 1678 σφετέρας
654 1593 758 1688 αότοῦν
778 1598 959 1680 παλαμικης
981 1597 1167 1671 πολυθεΐας.
1226 1618 1228 1622 ’

60 1689 213 1775 Ιπλήθους
243 1685 299 1757 οῦν
331 1694 546 1776 ἠθροισμένου
582 1692 769 1774 παμπόλλου
803 1682 927 1760 τεῦνέν
956 1700 1088 1780 α’γοραῖς
1115 1699 1170 1762 καί

87 1793 208 1873 τριόδοις
229 1795 497 1874 καλινδουμένων,
516 1791 593 1870 στός
614 1798 667 1880 ἐφ’
688 1793 816 1879 δφηλοῦ
833 1793 961 1880 “χρεοόν
982 1797 1085 1877 ὑμᾶς’
1105 1823 1170 1884 φη-

87 1887 205 1974 οίν,““οέ
235 1885 349 1979 όνδρες
376 1919 410 1961 τε
430 1895 485 1960 καί
503 1904 649 1979 γυναῖκες
678 1896 732 1960 καί
753 1902 846 1962 τέκνα
869 1898 976 1983 νήπια,
1008 1895 1059 1981 μη.
1076 1903 1169 1976 θείας

59 1986 151 2058 λῧόνευ
172 1996 320 2080 προνοίαις
356 1993 481 2063 οἴεσθαι
513 1997 571 2082 την
601 2000 658 2062 τοῦ
678 1997 768 2061 θείου
804 2000 896 2063 τοῦδε
925 1998 1079 2081 λειφόνου
1103 2010 1169 2075 ταῖς

24 2123 26 2130 ·
87 2083 219 2161 ένεσττῦσι
241 2101 391 2180 γενέσθαι
412 2106 532 2182 καιροῖς
554 2101 751 2184 ε’μφόνεταν,
784 2099 851 2162 ἀλλ’
882 2099 933 2164 ἵνα
954 2097 987 2165 τό
1010 2105 1168 2175 πλείστοις

87 2194 130 2258 διό
151 2194 204 2280 την
232 2199 293 2262 τοῦν
324 2199 500 2264 α’ντιθέτων
532 2195 599 2282 ἔριν
629 2199 911 2284 α’μφισβητήσιμον
945 2194 1083 2284 ἐμφανὲς
1116 2204 1171 2264 καί

87 2301 175 2382 σαφὲς
195 2301 345 2387 καταστῇ,
366 2298 422 2363 καί
441 2296 598 2381 γνοόριμον
617 2303 748 2383 γένηται
769 2302 849 2364 πᾶσι
870 2303 936 2376 πῶς
955 2301 1014 2382 μέν
1035 2296 1069 2364 τό
1093 2305 1169 2363 πολ-

87 2397 134 2472 λός
152 2424 238 2476 τινας
259 2405 364 2484 σέβειν
386 2400 471 2485 ἡμᾶς
491 2402 651 2484 ἐνεργείας
670 2402 833 2476 όκτίστους
856 2405 908 2464 καί
925 2391 1109 2486 ἀ’νουσίους,
1133 2396 1172 2476 ἃς

57 2503 132 2562 torci
150 2499 296 2586 θεότητος
318 2502 689 2587 όνουσιοῦφειμέναςτῆς
706 2505 797 2578 θείας
816 2505 973 2582 καλοῦμεν
988 2502 1100 2577 οόσιάς
1119 2501 1174 2568 καί
1261 2571 1265 2578 ρ

89 2600 249 2686 διαφόρους
266 2602 362 2684 αότῆς
375 2625 408 2667 τε
425 2602 480 2666 καί
500 2598 654 2685 α’λλνίλοον,
678 2603 849 2689 α’κιβδηλόν
867 2604 899 2669 τέ
922 2606 987 2668 ἐστι
1006 2603 1061 2666 καί
1079 2605 1172 2666 εόσε-
1276 2649 1278 2654 ·

90 2698 153 2782 θές,
183 2699 258 2784 ἡδὲ
285 2704 347 2780 ταῖν
372 2701 546 2767 όντιθέτων
577 2707 650 2766 καθ’
673 2703 763 2788 ἡμῶν
798 2704 941 2785 λοιδορία
960 2700 1095 2782 μα’ταεος
1117 2704 1173 2766 καί

89 2805 318 2888 κατεγνωσμένη.
370 2799 438 2868 ἕστε
467 2805 527 2883 μὲν
547 2795 602 2868 οῦν
630 2797 800 2870 κδυττῦθεν
828 2803 884 2868 οῦκ
919 2797 1037 2886 ἄδηλον
1057 2801 1092 2866 τό
1115 2805 1172 2885 τῆς

90 3089 179 3156 qeiden
204 3100 307 3160 tempus
334 3093 435 3162 integri
459 3091 619 3164 1ἰοετυοαοί
648 3095 718 3146 aeris
742 3091 929 3160 respiratione.
977 3089 1055 3142 fando
1083 3096 1172 3143 tamen

89 3159 167 3225 paullo
185 3173 245 3230 post
267 3180 345 3232 quum
363 3180 419 3216 rem
445 3166 610 3232 accepissem
639 3162 736 3218 accidit
760 3172 789 3216 ut
813 3179 881 3226 unus
907 3171 934 3214 et
961 3161 1034 3213 solus
1061 3176 1112 3229 ego
1139 3177 1172 3212 ex

90 3231 118 3280 iis
134 3231 223 3300 essem,
246 3237 291 3303 qui
314 3236 377 3304 quid
402 3236 500 3288 facturn
521 3245 592 3289 esset
613 3245 737 3289 tenerent
757 3235 895 3303 permultis
926 3235 977 3284 iam
996 3248 1052 3284 rem
1074 3240 1101 3284 et
1119 3248 1171 3298 pu.

90 3299 149 3354 hlice
166 3305 376 3376 divulgantibus.
414 3316 576 3376 quapropter
595 3308 685 3360 harum
710 3324 798 3360 rerum
820 3314 848 3358 ut
876 3304 1088 3373 improbabilium
1102 3303 1172 3356 nihil

90 3371 227 3430 ullomodo
247 3377 369 3445 placuit;
387 3395 475 3445 neque
495 3381 581 3431 risum
602 3387 642 3431 est
660 3395 675 3430 a
700 3380 827 3445 temporis
846 3379 950 3430 ratione
966 3385 1000 3454 et·
1010 3377 1172 3428 necessitate

90 3442 191 3499 alienum
213 3465 273 3502 esse
294 3449 407 3502 historia
427 3452 505 3503 etiarn
526 3450 578 3502 hoc
599 3451 766 3518 perscribere
788 3451 857 3519 quod
880 3458 906 3501 et
924 3451 1110 3502 documentum
1129 3447 1172 3498 di.

91 3514 175 3570 vinitas
194 3521 336 3589 praeberet
352 3523 595 3574 manifestissimum
615 3523 759 3574 vecordiae
777 3529 977 3589 persecutorum
996 3529 1024 3571 et
1042 3520 1173 3571 sinceram

91 3591 182 3642 omnino
200 3601 349 3644 nostrarum
367 3595 523 3646 iniuriarum
543 3595 734 3645 enarrationem
754 3594 903 3644 exhiheret.

174 3687 316 3740 Phiiotheo
336 3690 405 3741 euim
421 3690 537 3742 Coccino
557 3697 620 3741 tunc
638 3690 766 3756 temporis
785 3688 953 3757 patriarchae
970 3695 1092 3755 tanquam
1112 3686 1172 3737 ido.

91 3767 153 3808 neam
170 3768 264 3812 nactus
284 3769 356 3812 esset
375 3762 601 3828 opportunitatem
619 3761 710 3813 moliri
731 3762 794 3828 quid
814 3760 894 3812 libuit
912 3761 944 3810 ad
963 3757 1173 3810 constituendam

91 3839 150 3878 suam
168 3832 284 3898 ipsorum
304 3831 460 3898 palamicam
479 3833 643 3900 polytheam.
694 3832 864 3884 multitudine
892 3833 973 3898 igitur
991 3845 1087 3898 magna
1105 3844 1174 3880 eon.

92 3909 185 3966 gregata
204 3917 295 3953 eorum
316 3904 360 3971 qui
379 3905 407 3954 in
426 3904 485 3955 foro
506 3912 532 3955 et
543 3905 630 3955 trivii
646 3911 794 3968 versantur,
814 3912 885 3956 stans
901 3903 929 3953 in
944 3902 1006 3953 loco
1018 3902 1174 3968 superiores

91 3981 188 4024 necesse
209 3981 259 4038 est,
281 3974 376 4042 iuquit,
399 3990 448 4028 vos
467 3976 529 4040 viri,
547 3975 694 4038 mulieres,
712 3975 828 4027 iniantes
847 3989 901 4026 non
920 3975 978 4025 sine
997 3974 1088 4024 divina
1107 3986 1173 4039 pro.

92 4039 195 4094 videntia
213 4045 327 4096 credatis
347 4046 441 4097 iactam
462 4063 522 4098 esse
541 4055 683 4114 praesente
702 4053 821 4113 tempore
848 4047 940 4102 harum
960 4045 1107 4096 divinarum
1125 4060 1172 4094 re.

93 4106 217 4178 liquiarum
236 4111 441 4181 revelationem,
463 4118 510 4170 sed
530 4126 559 4168 ut
577 4119 647 4185 quod
667 4126 777 4185 propter
800 4117 1012 4169 adversariorum
1037 4116 1172 4181 discepta.

92 4180 177 4234 tionem
195 4185 301 4238 dubium
322 4196 362 4240 est
380 4190 546 4242 manifestum
565 4191 612 4242 flat
630 4196 657 4239 et
673 4187 779 4256 planum
798 4196 878 4256 atque
897 4187 929 4239 ab
949 4186 1069 4238 omnibus
1088 4184 1173 4236 intel-

93 4247 178 4319 ligatur
195 4255 275 4323 quale
300 4259 334 4311 sit
352 4258 418 4312 iilud
451 4261 521 4330 quod
551 4261 663 4313 colimus
690 4259 786 4313 multas
806 4260 963 4312 efficientias
991 4259 1122 4308 increatas
1141 4269 1173 4305 ac

94 4322 246 4378 substantiae
265 4337 387 4397 expertes
413 4345 478 4402 quas
497 4333 600 4386 easdem
623 4329 780 4383 efficientias
807 4327 1046 4382 insubstantiaiiter
1062 4327 1173 4378 dicimus
