2880 4910
265 409 342 485 stt
436 395 479 414 “”
550 376 791 482 ‘nicensem
824 407 1053 478 cnsconss

261 582 333 661 βεῑς
365 568 407 639 οῦ
425 576 563 662 Ιθέλουσι
596 575 690 658 λόγον
719 576 774 638 καί
807 567 928 656 βουλίην
964 555 1069 652 ζιῦσαν
1101 562 1183 634 εἶναι
1206 555 1348 646 etesiis,

261 681 343 764 αερί
364 680 399 743 di
420 675 475 741 τὸν
497 674 569 740 θεὸν
593 673 746 760 βούλησιν
768 677 822 739 καί
844 669 1000 762 φρόνησιν
1020 675 1075 738 ναί
1095 675 1213 759 σοφιάν
1234 669 1276 743 οῦς
1293 669 1350 746 ἕξιν

1268 791 1348 855 νηςο

267 883 301 946 ἐκ
327 882 502 961 Δαμασκοῦ
523 879 674 963 βούλησιν
697 875 752 941 καί
775 881 892 964 σοφιάν
913 873 969 952 καί
991 877 1127 958 δύναμιν
1149 872 1203 940 νῦν
1224 869 1293 937 vids
1309 863 1351 934 εί-

266 1005 319 1046 ναι
340 981 422 1063 λέγει
436 983 491 1045 ιοῦ
516 978 652 1063 πατρός·
677 977 716 1040 οῦ
736 973 800 1063 χρὴ
823 977 884 1062 γὰρ
907 981 1008 1062 λέγειν
1026 979 1082 1042 tm·
1100 979 1179 1039 θεοῦ
1199 973 1371 1056 noscimini

171 1098 174 1103 '
266 1087 318 1148 ἵνα
338 1081 383 1165 μη
407 1077 562 1146 adstans
584 1075 685 1144 αῦτόν
709 1077 890 1162 αοιὴοοομεν
923 1079 955 1156 ἐξ
981 1080 1094 1152 ον’σίας
1116 1070 1169 1140 καί
1191 1075 1351 1158 ποιότητος.

269 1184 326 1250 καί
346 1181 425 1267 πρός
445 1205 481 1265 γε
504 1179 521 1244 d
545 1183 727 1246 Νασσαίοον
749 1176 926 1264 Γρηγόριος
953 1171 1050 1256 ὄντως
1071 1180 1189 1264 σοφίαν
1210 1178 1266 1240 καί
1284 1180 1354 1257 βου·

267 1283 325 1370 iis
346 1285 441 1349 οῦδὲν
454 1285 560 1368 ἓτερον
573 1276 655 1346 εἶναι
676 1285 758 1365 λέγει
775 1280 855 1364 πλὴν
876 1284 930 1364 τῆς
943 1284 1001 1346 τοῦ
1019 1277 1137 1356 ααντῦς
1155 1299 1355 1364 αροεαινοσο-

265 1387 362 1474 μίνης
385 1385 513 1472 deping,
536 1382 569 1448 ἐν
590 1375 610 1472 ᾗ
632 1383 670 1448 τῦ
694 1382 797 1448 πάντα
820 1381 939 1465 ἐγένετο
963 1381 1018 1447 καί
1037 1379 1254 1466 διακοσμηθη·
1278 1383 1355 1462 Χρι·
1431 1432 1432 1442 ,

201 1487 339 1566 κισσὸς
358 1487 420 1572 γὰρ
443 1489 523 1550 θεοῦ
547 1488 684 1567 δύναμις
705 1483 760 1548 καί
782 1485 861 1548 θεοῦ
882 1490 990 1571 σοφίαι.
1020 1486 1074 1548 καί
1097 1485 1190 1548 τοῦτο
1212 1487 1272 1564 μὲν
1290 1480 1357 1561 περί
1364 1495 1389 1547 10

268 1593 326 1656 τοῦ
349 1584 467 1654 ταῦτὸν
486 1579 569 1651 εἶναι
592 1587 670 1651 κατὰ
695 1583 730 1650 τὸ
752 1582 985 1670 σημαινόμενον
1019 1586 1134 1652 οίσίαν
1157 1582 1294 1665 δύναμιν
1310 1580 1358 1644 καί

267 1689 421 1775 βούλησιν
443 1690 498 1752 καί
517 1692 645 1775 σοφίαν.
672 1685 706 1751 ἐν
728 1680 836 1764 ἄλλοις
858 1689 888 1750 δ’
910 1685 1090 1771 εῦρίσιιειαι
1113 1689 1212 1769 λέγων
1235 1683 1252 1748 ὁ
1278 1687 1356 1758 θεῖος
1431 1669 1432 1692 ’

269 1793 421 1871 Μάξιμος
454 1789 498 1864 οῦς
528 1787 547 1871 ἦ
582 1793 712 1875 θίλησις
744 1792 800 1854 καί
835 1787 853 1873 ἦ
880 1790 1032 1872 βούλησις
1062 1789 1119 1851 οῦκ
1154 1790 1224 1852 ἐστι’
1253 1783 1358 1851 ταῦιὸν
1431 1801 1432 1870 J

268 1893 307 1979 τῇ
337 1893 429 1980 ου’σίρ
460 1893 517 1956 νοῦ
545 1892 634 1955 θεοῦ.
680 1890 721 1976 “d
742 1890 881 1975 μὲνγὰρ
913 1893 1042 1975 θίλησις
1064 1893 1120 1954 καί
1148 1883 1283 1972 ῦρχεται
1312 1887 1358 1947 καί
1431 1953 1432 1956 ¹

267 1993 425 2072 ναίεται,
460 1990 479 2077 ἡ
515 1993 550 2056 δὲ
579 1994 672 2058 ον’σία
698 1983 770 2057 οῦνε
804 1985 938 2076 ἄρχεται
971 1986 1044 2056 odes
1076 1995 1220 2056 παίεται.
1275 1987 1308 2055 τὸ
1333 1986 1390 2049 δ’15

203 2125 208 2128 -
266 2092 446 2186 α’ρχίμενον
480 2095 536 2158 καί
561 2090 741 2175 παυόμενον
772 2097 817 2182 τῷ
841 2091 921 2176 μήτε
953 2095 1119 2182 α’ρχσμὲνῳ
1147 2093 1226 2176 μήτε
1264 2110 1357 2155 nacc-

265 2197 350 2282 μένῳ
373 2191 408 2256 τῦ
434 2192 512 2258 adst
533 2187 613 2258 εἶναι
636 2195 677 2257 ου’
698 2189 845 2259 δῦναται.
894 2197 925 2259 εί
949 2191 1011 2278 γάρ
1041 2191 1157 2258 ναῦτὸν
1180 2181 1218 2276 ἦν
1250 2195 1288 2280 τῇ
1307 2188 1357 2252 σί-

266 2300 320 2382 σίη
352 2297 410 2359 τοῦ
436 2297 513 2360 θεοῦ
548 2295 568 2378 ἦ
597 2297 770 2382 βούλησις,
801 2298 898 2380 ἐχρῆν
937 2297 1015 2377 μιᾶς
1044 2287 1139 2378 σῦσης
1173 2295 1228 2378 τῆς
1258 2292 1358 2367 οῦσίσς

265 2401 344 2476 μίαν
367 2389 450 2461 εἶναι
470 2400 524 2461 καί
546 2395 603 2480 την
623 2400 766 2480 θέλησιν.
789 2396 898 2480 ἀλλ’ἢ
924 2395 1033 2483 γραφη
1055 2394 1158 2460 meista
1174 2393 1282 2482 φησίν,
1304 2386 1356 2455 ὅσα

266 2497 440 2580 η’θέλησεν,
470 2500 608 2581 οάοίησε.
661 2494 759 2562 πολλοὶ
795 2491 851 2562 οῦν
884 2502 1020 2583 η’θέλησε
1050 2500 1105 2561 καί
1126 2497 1187 2578 σῦχ
1208 2494 1270 2560 ἓν”.
1311 2492 1391 2557 sciti

268 2595 412 2676 ῦμοίοοςό
435 2601 521 2678 θεῖος
535 2595 695 2681 Κῦριλλος
711 2597 751 2682 “η“
761 2594 850 2674 ivd?
864 2623 943 2686 φησι
953 2597 1033 2664 “cciv
1049 2599 1292 2680 ον’νομασμένανν,
1302 2618 1358 2658 αα-

266 2694 339 2782 τρὸς
368 2697 448 2780 λέγω
470 2696 526 2763 καί
545 2693 621 2762 νίοῦ
642 2699 696 2763 καί
710 2699 802 2783 ἁγίου
823 2699 1012 2782 ανεῦματος,
1037 2693 1245 2783 ῦημιοαργικη
1269 2693 1359 2776 θίλη-

268 2821 330 2876 σος,
352 2799 403 2885 ἐφ’
425 2791 562 2886 ὅτῳπερ
588 2790 627 2862 dv
657 2801 779 2884 λέγοιτο
802 2803 953 2884 γενέσθαι
981 2796 1099 2882 τοχόν,
1119 2800 1276 2884 ἐνέργημα
1305 2795 1358 2876 ptr

269 3047 299 3092 nt
308 3038 468 3094 Athanasius
478 3053 589 3108 magnus
608 3046 700 3092 contre
717 3041 831 3092 Arianos
845 3040 964 3092 scribens
982 3039 1062 3093 dicit:
1084 3037 1158 3106 impii
1174 3052 1230 3089 non
1249 3039 1357 3089 statuunt
1432 3009 1433 3070 d

221 3119 225 3124 ’
268 3111 353 3163 dilium
376 3127 435 3164 esse
444 3111 574 3163 rationem
588 3120 615 3162 et
626 3111 790 3164 voluntatem
802 3114 901 3176 vivam,
912 3112 959 3164 sed
972 3113 999 3163 in
1011 3112 1061 3163 deo
1073 3109 1238 3162 voluntatem
1251 3107 1358 3174 ct‘c'ogi-
1376 3128 1384 3144 ι

269 3185 397 3235 tationem
408 3191 435 3234 et
447 3184 603 3249 sapientiam
614 3192 737 3251 tanquam
747 3181 865 3234 habitum
878 3185 1083 3236 convenientem
1096 3189 1121 3232 et
1134 3181 1321 3232 discedentem.
1336 3182 1358 3226 et

268 3253 351 3306 simili
370 3254 595 3305 rationelcsnnes
606 3256 787 3306 Dsmascenus
799 3254 965 3308 voluntatem
978 3263 1003 3306 et
1012 3253 1168 3321 sapientiam
1181 3259 1208 3302 ct
1217 3253 1270 3303 vim
1280 3249 1358 3302 {ilium

271 3339 332 3375 csse
351 3325 416 3376 dicit
433 3326 525 3391 patris.
542 3327 679 3379 nonenim
697 3341 836 3394 possumus
850 3327 1005 3394 praedicere
1019 3327 1052 3377 de
1066 3324 1116 3374 dec
1136 3323 1308 3392 qualitatem,
1327 3331 1357 3368 ne

271 3396 445 3461 compositum
466 3411 524 3446 eum
548 3397 677 3464 fingamus
698 3414 732 3448 cx
752 3399 867 3450 essentis
887 3405 913 3449 et
934 3394 1071 3465 qualitate.
1093 3402 1119 3446 et
1137 3401 1277 3462 practerea
1293 3391 1355 3444 sre-

271 3466 362 3534 gorius
383 3465 517 3532 Nyssscus
536 3467 617 3520 dicit:
642 3484 671 3519 rc
700 3484 764 3520 vena
790 3470 946 3536 sapientiam
971 3477 997 3520 ct
1016 3467 1181 3520 voluntatem
1208 3465 1275 3516 nihii
1305 3473 1358 3512 esse

271 3551 348 3605 quam
379 3538 551 3603 sapientiam,
578 3540 732 3592 universnm
760 3541 994 3607 praemeditdtsm‚
1025 3540 1053 3590 in
1074 3554 1125 3608 qna
1150 3539 1277 3589 universa
1295 3533 1358 3584 iacta

267 3609 324 3660 sint
344 3615 370 3658 et
388 3609 522 3660 adornata.
561 3609 680 3663 Christus
701 3613 770 3662 enim
798 3611 841 3662 dei
861 3620 901 3664 est
922 3612 963 3663 sis
992 3619 1018 3662 et
1036 3610 1077 3661 dei
1109 3609 1249 3676 sapientia.
1284 3612 1357 3670 atque

271 3679 323 3730 hoc
343 3679 448 3746 quidem
471 3681 587 3732 sufficiat
605 3682 638 3733 de
657 3697 699 3748 ec,
720 3682 791 3750 quod
809 3683 877 3734 idem
900 3691 940 3736 est
967 3697 999 3733 ex
1019 3681 1216 3750 significatione
1240 3675 1357 3734 essentia,

215 3761 224 3782 ⁶
272 3751 313 3802 vis
333 3758 361 3800 et
384 3749 508 3817 veluntas
540 3761 567 3804 ct
589 3755 730 3820 sapientis.
769 3769 802 3805 ex
822 3753 883 3805 aliis
908 3755 1056 3822 reperimus
1075 3754 1207 3805 dicentem
1226 3748 1358 3803 dissimum

270 3822 404 3873 divinum:
436 3821 576 3874 consilium
606 3833 632 3875 et
660 3823 784 3876 voluntas
812 3840 867 3876 non
892 3834 954 3878 sunt
972 3825 1041 3876 idem
1066 3831 1146 3892 atque
1170 3822 1285 3874 essentie
1304 3815 1358 3876 deit

272 3891 397 3944 voluntas
417 3894 486 3944 enim
507 3902 534 3945 et
551 3897 647 3961 incipit
666 3903 693 3946 ct
710 3897 823 3959 desinit,
851 3897 968 3948 essentia
987 3902 1074 3947 antem
1092 3909 1181 3962 neque
1200 3891 1294 3958 incipit
1310 3901 1357 3938 ne-

272 3979 325 4032 que
344 3965 452 4028 desinit,
472 3965 542 4032 quod
560 3975 647 4017 nutem
667 3968 762 4034 incipit
783 3975 810 4018 et
828 3968 935 4032 desinit,
957 3983 1015 4018 cum
1035 3981 1078 4032 eo,
1097 3965 1167 4034 quod
1185 3977 1273 4031 neque
1291 3956 1357 4010 inci·

273 4037 310 4102 pit
329 4051 419 4104 neque
438 4036 544 4099 desinit,
563 4037 633 4090 idem
664 4052 796 4090 essenon
816 4047 912 4105 potest.
952 4039 1049 4090 etenim
1069 4039 1091 4088 si
1120 4037 1189 4087 idem
1215 4040 1284 4086 esset
1304 4041 1358 4079 cum

272 4108 391 4158 essentis
407 4106 449 4157 dei
467 4107 602 4171 voluntas,
622 4117 759 4176 oporteret
778 4125 836 4160 cum
854 4125 906 4161 nnn
925 4110 959 4161 sit
971 4110 1096 4172 essentie,
1117 4122 1194 4158 unam
1208 4119 1267 4156 esse
1284 4101 1359 4152 etiam

273 4177 447 4230 veluntatem.
486 4178 533 4230 sed
552 4181 698 4246 scripturn,
729 4182 825 4244 omnia,
856 4181 958 4249 inquit,
977 4195 1151 4248 quaeeunque
1170 4175 1264 4238 voluit,
1284 4183 1358 4222 crett-

271 4250 319 4302 νὴ.
345 4249 428 4301 mults
447 4249 529 4316 igitur
548 4249 751 4320 voluit,'neqne
770 4267 835 4304 vero
855 4267 945 4304 unum.
981 4259 1008 4303 ct
1026 4251 1106 4304 simili
1124 4251 1228 4302 ratione
1247 4239 1358 4312 opillus

221 4402 226 4410 Ι
268 4320 394 4390 divinus,
419 4319 562 4393 voluntas,
583 4323 690 4396 inquit,
716 4326 793 4378 unius
812 4325 1022 4393 nominatorum,
1048 4324 1130 4396 patris
1149 4323 1209 4376 dico
1229 4325 1256 4372 et
1269 4313 1318 4370 filii
1335 4313 1359 4362 ei
