<?xml version="1.0" encoding="UTF-8"?>
<!DOCTYPE html PUBLIC "-//W3C//DTD XHTML 1.0 Transitional//EN"
    "http://www.w3.org/TR/xhtml1/DTD/xhtml1-transitional.dtd">
<html xmlns="http://www.w3.org/1999/xhtml" xml:lang="en" lang="en">
 <head>
  <title>
</title>
<meta http-equiv="Content-Type" content="text/html;charset=utf-8" />
  <meta name='ocr-system' content='tesseract 3.04.00' />
  <meta name='ocr-capabilities' content='ocr_page ocr_carea ocr_par ocr_line ocrx_word'/>
</head>
<body>
  <div class='ocr_page' id='page_1' title='image "./nicephorigregor07schogoog_0324.png"; bbox 0 0 2880 4910; ppageno 0'>
   <div class='ocr_carea' id='block_1_1' title="bbox 181 335 1156 490">
    <p class='ocr_par' dir='ltr' id='par_1_1' title="bbox 181 335 1156 490">
     <span class='ocr_line' id='line_1_1' title="bbox 181 335 1156 490; baseline -0.008 -37"><span class='ocrx_word' id='word_1_1' title='bbox 181 335 402 490; x_wconf 68' lang='lat' dir='ltr'><strong>maronias</strong></span> <span class='ocrx_word' id='word_1_2' title='bbox 430 376 795 447; x_wconf 81' lang='lat' dir='ltr'><strong>amsurruanxxx.</strong></span> <span class='ocrx_word' id='word_1_3' title='bbox 816 361 1003 450; x_wconf 79' lang='lat' dir='ltr'><strong>tt-ts.</strong></span> <span class='ocrx_word' id='word_1_4' title='bbox 1080 367 1156 446; x_wconf 74' lang='lat' dir='ltr'><strong>aaa</strong></span> 
     </span>
    </p>
   </div>
   <div class='ocr_carea' id='block_1_2' title="bbox 3 523 1153 630">
    <p class='ocr_par' dir='ltr' id='par_1_2' title="bbox 3 511 1153 630">
     <span class='ocr_line' id='line_1_2' title="bbox 3 523 1153 630; baseline -0.009 -14"><span class='ocrx_word' id='word_1_5' title='bbox 3 523 5 616; x_wconf 92' lang='lat' dir='ltr'>Q</span> <span class='ocrx_word' id='word_1_6' title='bbox 81 541 171 630; x_wconf 81' lang='grc' dir='ltr'><strong><em>ύοπερ</em></strong></span> <span class='ocrx_word' id='word_1_7' title='bbox 195 544 236 612; x_wconf 88' lang='grc' dir='ltr'><strong>σύ</strong></span> <span class='ocrx_word' id='word_1_8' title='bbox 273 543 453 626; x_wconf 76' lang='grc' dir='ltr'><strong><em>διαβάλλεις</em></strong></span> <span class='ocrx_word' id='word_1_9' title='bbox 487 537 621 627; x_wconf 87' lang='grc' dir='ltr'><strong><em>άναίδην</em></strong></span> <span class='ocrx_word' id='word_1_10' title='bbox 652 547 876 628; x_wconf 53' lang='lat' dir='ltr'><strong>consparsum</strong></span> <span class='ocrx_word' id='word_1_11' title='bbox 908 544 1153 628; x_wconf 83' lang='grc' dir='ltr'><strong><em>χαρακτηρίζειν</em></strong></span> 
     </span>
    </p>
   </div>
   <div class='ocr_carea' id='block_1_3' title="bbox 3 636 1237 2759">
    <p class='ocr_par' dir='ltr' id='par_1_3' title="bbox 3 636 1237 2759">
     <span class='ocr_line' id='line_1_3' title="bbox 3 636 1153 734; baseline -0.005 -22"><span class='ocrx_word' id='word_1_12' title='bbox 3 649 5 722; x_wconf 75' lang='grc' dir='ltr'>ξ</span> <span class='ocrx_word' id='word_1_13' title='bbox 78 650 123 727; x_wconf 84' lang='grc' dir='ltr'><strong><em>μὲν</em></strong></span> <span class='ocrx_word' id='word_1_14' title='bbox 144 645 202 732; x_wconf 86' lang='grc' dir='ltr'><strong>γάρ</strong></span> <span class='ocrx_word' id='word_1_15' title='bbox 224 646 430 730; x_wconf 87' lang='grc' dir='ltr'><strong><em>α’κηκύαμεν,</em></strong></span> <span class='ocrx_word' id='word_1_16' title='bbox 462 648 628 731; x_wconf 71' lang='grc' dir='ltr'><strong><em>διαφέρειν</em></strong></span> <span class='ocrx_word' id='word_1_17' title='bbox 660 647 688 709; x_wconf 93' lang='grc' dir='ltr'><strong>δ’</strong></span> <span class='ocrx_word' id='word_1_18' title='bbox 708 647 837 734; x_wconf 72' lang='grc' dir='ltr'><strong><em>ούδαμῇ</em></strong></span> <span class='ocrx_word' id='word_1_19' title='bbox 862 643 917 710; x_wconf 87' lang='grc' dir='ltr'><strong><em>τδν</em></strong></span> <span class='ocrx_word' id='word_1_20' title='bbox 943 649 1031 709; x_wconf 79' lang='grc' dir='ltr'><strong><em>δεῖον</em></strong></span> <span class='ocrx_word' id='word_1_21' title='bbox 1051 636 1153 728; x_wconf 82' lang='grc' dir='ltr'><strong><em>άκδρα</em></strong></span> 
     </span>
     <span class='ocr_line' id='line_1_4' title="bbox 3 733 1154 832; baseline -0.004 -18"><span class='ocrx_word' id='word_1_22' title='bbox 3 733 5 814; x_wconf 71' lang='grc' dir='ltr'><strong><em>ί</em></strong></span> <span class='ocrx_word' id='word_1_23' title='bbox 78 749 176 814; x_wconf 74' lang='grc' dir='ltr'><strong><em>ἐκεῖνον</em></strong></span> <span class='ocrx_word' id='word_1_24' title='bbox 198 745 384 832; x_wconf 75' lang='grc' dir='ltr'><strong><em>εὑρίσκομεν</em></strong></span> <span class='ocrx_word' id='word_1_25' title='bbox 413 750 552 831; x_wconf 78' lang='grc' dir='ltr'><strong><em>λέγοντα.</em></strong></span> <span class='ocrx_word' id='word_1_26' title='bbox 604 751 635 812; x_wconf 82' lang='grc' dir='ltr'><strong>εἰ</strong></span> <span class='ocrx_word' id='word_1_27' title='bbox 664 750 699 812; x_wconf 79' lang='grc' dir='ltr'><strong>δὲ</strong></span> <span class='ocrx_word' id='word_1_28' title='bbox 729 746 763 810; x_wconf 83' lang='grc' dir='ltr'><strong>τὸ</strong></span> <span class='ocrx_word' id='word_1_29' title='bbox 792 749 1036 832; x_wconf 79' lang='grc' dir='ltr'><strong><em>χαρακτηρίζειν</em></strong></span> <span class='ocrx_word' id='word_1_30' title='bbox 1057 746 1154 822; x_wconf 84' lang='grc' dir='ltr'><strong><em>αύτύς</em></strong></span> 
     </span>
     <span class='ocr_line' id='line_1_5' title="bbox 3 839 1155 936; baseline 0.002 -25"><span class='ocrx_word' id='word_1_31' title='bbox 3 839 4 862; x_wconf 28' lang='grc' dir='ltr'><strong><em>ί</em></strong></span> <span class='ocrx_word' id='word_1_32' title='bbox 78 849 137 914; x_wconf 69' lang='lat' dir='ltr'><strong>durs*</strong></span> <span class='ocrx_word' id='word_1_33' title='bbox 154 853 210 914; x_wconf 83' lang='grc' dir='ltr'><strong>ίού</strong></span> <span class='ocrx_word' id='word_1_34' title='bbox 226 852 392 936; x_wconf 77' lang='grc' dir='ltr'><strong><em>διαφέρειν</em></strong></span> <span class='ocrx_word' id='word_1_35' title='bbox 414 844 598 932; x_wconf 78' lang='grc' dir='ltr'><strong><em>λαμβάνεις,</em></strong></span> <span class='ocrx_word' id='word_1_36' title='bbox 613 843 682 934; x_wconf 77' lang='grc' dir='ltr'><strong><em>ὥρα</em></strong></span> <span class='ocrx_word' id='word_1_37' title='bbox 702 873 752 914; x_wconf 82' lang='lat' dir='ltr'><strong>ons</strong></span> <span class='ocrx_word' id='word_1_38' title='bbox 767 846 878 914; x_wconf 88' lang='grc' dir='ltr'><strong><em>λοιπδν</em></strong></span> <span class='ocrx_word' id='word_1_39' title='bbox 899 847 955 914; x_wconf 87' lang='grc' dir='ltr'><strong><em>καί</em></strong></span> <span class='ocrx_word' id='word_1_40' title='bbox 965 851 1155 936; x_wconf 72' lang='grc' dir='ltr'><strong><em>χαρακτῆρα</em></strong></span> 
     </span>
     <span class='ocr_line' id='line_1_6' title="bbox 3 946 1154 1036; baseline 0 -24"><span class='ocrx_word' id='word_1_41' title='bbox 3 961 5 1032; x_wconf 71' lang='lat' dir='ltr'>j</span> <span class='ocrx_word' id='word_1_42' title='bbox 59 953 123 1014; x_wconf 81' lang='grc' dir='ltr'><strong><em>δτού</em></strong></span> <span class='ocrx_word' id='word_1_43' title='bbox 143 951 264 1034; x_wconf 83' lang='grc' dir='ltr'><strong><em>πατρδς</em></strong></span> <span class='ocrx_word' id='word_1_44' title='bbox 291 949 347 1014; x_wconf 90' lang='grc' dir='ltr'><strong><em>τδν</em></strong></span> <span class='ocrx_word' id='word_1_45' title='bbox 380 947 449 1014; x_wconf 80' lang='grc' dir='ltr'><strong><em>υἱὸν</em></strong></span> <span class='ocrx_word' id='word_1_46' title='bbox 481 954 537 1035; x_wconf 87' lang='grc' dir='ltr'><strong><em>τῆς</em></strong></span> <span class='ocrx_word' id='word_1_47' title='bbox 571 955 697 1036; x_wconf 90' lang='grc' dir='ltr'><strong><em>γραφῆς</em></strong></span> <span class='ocrx_word' id='word_1_48' title='bbox 729 946 874 1014; x_wconf 85' lang='grc' dir='ltr'><strong><em>ύκσύοντι</em></strong></span> <span class='ocrx_word' id='word_1_49' title='bbox 897 947 1060 1033; x_wconf 87' lang='grc' dir='ltr'><strong><em>λεγούσης,</em></strong></span> <span class='ocrx_word' id='word_1_50' title='bbox 1079 946 1154 1015; x_wconf 77' lang='grc' dir='ltr'><strong><em>α’νύ-</em></strong></span> 
     </span>
     <span class='ocr_line' id='line_1_7' title="bbox 3 1048 1154 1141; baseline 0 -25"><span class='ocrx_word' id='word_1_51' title='bbox 3 1069 4 1116; x_wconf 74' lang='lat'><em>3</em></span> <span class='ocrx_word' id='word_1_52' title='bbox 77 1073 153 1130; x_wconf 79' lang='grc' dir='ltr'><strong><em>μονον</em></strong></span> <span class='ocrx_word' id='word_1_53' title='bbox 173 1049 229 1117; x_wconf 86' lang='grc' dir='ltr'><strong><em>τδν</em></strong></span> <span class='ocrx_word' id='word_1_54' title='bbox 252 1050 322 1117; x_wconf 75' lang='lat' dir='ltr'><strong>nida</strong></span> <span class='ocrx_word' id='word_1_55' title='bbox 341 1054 385 1141; x_wconf 79' lang='grc' dir='ltr'><strong>τῷ</strong></span> <span class='ocrx_word' id='word_1_56' title='bbox 409 1055 508 1137; x_wconf 88' lang='grc' dir='ltr'><strong><em>πατρί</em></strong></span> <span class='ocrx_word' id='word_1_57' title='bbox 528 1051 694 1138; x_wconf 75' lang='grc' dir='ltr'><strong><em>κηρύττειν</em></strong></span> <span class='ocrx_word' id='word_1_58' title='bbox 717 1055 771 1115; x_wconf 92' lang='grc' dir='ltr'><strong><em>καί</em></strong></span> <span class='ocrx_word' id='word_1_59' title='bbox 786 1048 934 1115; x_wconf 83' lang='grc' dir='ltr'><strong><em>α’νσύοιον</em></strong></span> <span class='ocrx_word' id='word_1_60' title='bbox 957 1051 1012 1114; x_wconf 85' lang='grc' dir='ltr'><strong><em>καί</em></strong></span> <span class='ocrx_word' id='word_1_61' title='bbox 1025 1052 1154 1137; x_wconf 86' lang='grc' dir='ltr'><strong><em>σφόδρα</em></strong></span> 
     </span>
     <span class='ocr_line' id='line_1_8' title="bbox 3 1147 1156 1242; baseline 0.005 -32"><span class='ocrx_word' id='word_1_62' title='bbox 3 1177 4 1210; x_wconf 77' lang='lat'>1</span> <span class='ocrx_word' id='word_1_63' title='bbox 77 1147 218 1238; x_wconf 85' lang='grc' dir='ltr'><strong><em>διάφορον</em></strong></span> <span class='ocrx_word' id='word_1_64' title='bbox 241 1152 297 1236; x_wconf 86' lang='grc' dir='ltr'><strong><em>τῆν</em></strong></span> <span class='ocrx_word' id='word_1_65' title='bbox 318 1151 428 1240; x_wconf 89' lang='grc' dir='ltr'><strong><em>φύσιν.</em></strong></span> <span class='ocrx_word' id='word_1_66' title='bbox 474 1156 544 1217; x_wconf 88' lang='grc' dir='ltr'><strong><em>άλλ’</em></strong></span> <span class='ocrx_word' id='word_1_67' title='bbox 564 1152 607 1229; x_wconf 84' lang='grc' dir='ltr'><strong><em>ιύς</em></strong></span> <span class='ocrx_word' id='word_1_68' title='bbox 629 1151 722 1234; x_wconf 82' lang='grc' dir='ltr'><strong><em>ἔοικε,</em></strong></span> <span class='ocrx_word' id='word_1_69' title='bbox 746 1149 781 1217; x_wconf 90' lang='grc' dir='ltr'><strong>τδ</strong></span> <span class='ocrx_word' id='word_1_70' title='bbox 805 1147 904 1238; x_wconf 89' lang='grc' dir='ltr'><strong><em>φύσει</em></strong></span> <span class='ocrx_word' id='word_1_71' title='bbox 926 1149 1021 1242; x_wconf 86' lang='grc' dir='ltr'><strong><em>κακύν</em></strong></span> <span class='ocrx_word' id='word_1_72' title='bbox 1043 1151 1086 1228; x_wconf 83' lang='grc' dir='ltr'><strong><em>ύς</em></strong></span> <span class='ocrx_word' id='word_1_73' title='bbox 1106 1153 1156 1216; x_wconf 80' lang='grc' dir='ltr'><strong>εί-</strong></span> 
     </span>
     <span class='ocr_line' id='line_1_9' title="bbox 3 1247 1157 1339; baseline 0.001 -24"><span class='ocrx_word' id='word_1_74' title='bbox 3 1247 5 1308; x_wconf 71' lang='grc' dir='ltr'><em>ἷ</em></span> <span class='ocrx_word' id='word_1_75' title='bbox 77 1261 151 1334; x_wconf 81' lang='grc' dir='ltr'><strong><em>πεῖν,</em></strong></span> <span class='ocrx_word' id='word_1_76' title='bbox 184 1259 239 1318; x_wconf 90' lang='grc' dir='ltr'><strong><em>καί</em></strong></span> <span class='ocrx_word' id='word_1_77' title='bbox 258 1253 294 1320; x_wconf 82' lang='lat' dir='ltr'><strong>sd</strong></span> <span class='ocrx_word' id='word_1_78' title='bbox 326 1256 381 1339; x_wconf 84' lang='grc' dir='ltr'><strong><em>τῆς</em></strong></span> <span class='ocrx_word' id='word_1_79' title='bbox 402 1257 545 1329; x_wconf 84' lang='grc' dir='ltr'><strong><em>διανοίας</em></strong></span> <span class='ocrx_word' id='word_1_80' title='bbox 576 1248 661 1334; x_wconf 84' lang='grc' dir='ltr'><strong><em>άποξ</em></strong></span> <span class='ocrx_word' id='word_1_81' title='bbox 688 1257 798 1338; x_wconf 89' lang='grc' dir='ltr'><strong><em>καίρια</em></strong></span> <span class='ocrx_word' id='word_1_82' title='bbox 831 1251 995 1336; x_wconf 78' lang='grc' dir='ltr'><strong><em>νενοσηκὸς</em></strong></span> <span class='ocrx_word' id='word_1_83' title='bbox 1016 1251 1072 1316; x_wconf 83' lang='grc' dir='ltr'><strong><em>καί</em></strong></span> <span class='ocrx_word' id='word_1_84' title='bbox 1091 1255 1157 1318; x_wconf 74' lang='grc' dir='ltr'><strong><em>τῶν</em></strong></span> 
     </span>
     <span class='ocr_line' id='line_1_10' title="bbox 3 1337 1157 1446; baseline 0 -30"><span class='ocrx_word' id='word_1_85' title='bbox 3 1337 5 1406; x_wconf 46' lang='grc' dir='ltr'>ἶ</span> <span class='ocrx_word' id='word_1_86' title='bbox 76 1356 158 1418; x_wconf 79' lang='grc' dir='ltr'><strong><em>θείων</em></strong></span> <span class='ocrx_word' id='word_1_87' title='bbox 178 1358 366 1442; x_wconf 73' lang='grc' dir='ltr'><strong><em>ἐπισφαλῶς</em></strong></span> <span class='ocrx_word' id='word_1_88' title='bbox 388 1353 572 1441; x_wconf 65' lang='grc' dir='ltr'><strong><em>ιζπερρωγδς</em></strong></span> <span class='ocrx_word' id='word_1_89' title='bbox 595 1353 655 1419; x_wconf 86' lang='grc' dir='ltr'><strong>διά</strong></span> <span class='ocrx_word' id='word_1_90' title='bbox 671 1360 775 1419; x_wconf 78' lang='grc' dir='ltr'><strong><em>ταῦτα</em></strong></span> <span class='ocrx_word' id='word_1_91' title='bbox 798 1355 972 1436; x_wconf 77' lang='grc' dir='ltr'><strong><em>δογμάτων,</em></strong></span> <span class='ocrx_word' id='word_1_92' title='bbox 984 1354 1088 1446; x_wconf 76' lang='grc' dir='ltr'><strong><em>χρόνομ</em></strong></span> <span class='ocrx_word' id='word_1_93' title='bbox 1098 1351 1157 1436; x_wconf 84' lang='grc' dir='ltr'><strong><em>τῆν</em></strong></span> 
     </span>
     <span class='ocr_line' id='line_1_11' title="bbox 46 1447 1157 1539; baseline 0.005 -23"><span class='ocrx_word' id='word_1_94' title='bbox 46 1450 127 1531; x_wconf 71' lang='lat' dir='ltr'><strong>wius</strong></span> <span class='ocrx_word' id='word_1_95' title='bbox 146 1456 203 1520; x_wconf 91' lang='grc' dir='ltr'><strong>ούκ</strong></span> <span class='ocrx_word' id='word_1_96' title='bbox 223 1447 263 1520; x_wconf 83' lang='grc' dir='ltr'><strong><em>άν</em></strong></span> <span class='ocrx_word' id='word_1_97' title='bbox 275 1458 342 1520; x_wconf 86' lang='grc' dir='ltr'><strong><em>ποτ’</em></strong></span> <span class='ocrx_word' id='word_1_98' title='bbox 366 1450 614 1537; x_wconf 71' lang='grc' dir='ltr'><strong><em>ἀποτρίψασθαι</em></strong></span> <span class='ocrx_word' id='word_1_99' title='bbox 634 1454 776 1535; x_wconf 90' lang='grc' dir='ltr'><strong><em>δύναιτο,</em></strong></span> <span class='ocrx_word' id='word_1_100' title='bbox 798 1449 848 1519; x_wconf 83' lang='grc' dir='ltr'><strong>άτι</strong></span> <span class='ocrx_word' id='word_1_101' title='bbox 868 1451 911 1538; x_wconf 87' lang='grc' dir='ltr'><strong>μῆ</strong></span> <span class='ocrx_word' id='word_1_102' title='bbox 936 1457 993 1520; x_wconf 88' lang='grc' dir='ltr'><strong><em>καί</em></strong></span> <span class='ocrx_word' id='word_1_103' title='bbox 1008 1453 1064 1539; x_wconf 84' lang='grc' dir='ltr'><strong><em>τῆν</em></strong></span> <span class='ocrx_word' id='word_1_104' title='bbox 1083 1453 1157 1522; x_wconf 72' lang='grc' dir='ltr'><strong>ἔσθ’</strong></span> 
     </span>
     <span class='ocr_line' id='line_1_12' title="bbox 76 1547 1157 1644; baseline 0.005 -27"><span class='ocrx_word' id='word_1_105' title='bbox 76 1547 118 1618; x_wconf 82' lang='grc' dir='ltr'><strong>δτι</strong></span> <span class='ocrx_word' id='word_1_106' title='bbox 137 1557 194 1622; x_wconf 86' lang='grc' dir='ltr'><strong>τού</strong></span> <span class='ocrx_word' id='word_1_107' title='bbox 222 1557 321 1620; x_wconf 86' lang='grc' dir='ltr'><strong><em>καλού</em></strong></span> <span class='ocrx_word' id='word_1_108' title='bbox 352 1559 560 1643; x_wconf 72' lang='grc' dir='ltr'><strong><em>προσποίησιν</em></strong></span> <span class='ocrx_word' id='word_1_109' title='bbox 589 1557 724 1641; x_wconf 87' lang='grc' dir='ltr'><strong><em>τάχιστα</em></strong></span> <span class='ocrx_word' id='word_1_110' title='bbox 745 1558 947 1644; x_wconf 76' lang='grc' dir='ltr'><strong><em>ἀποσείεται,</em></strong></span> <span class='ocrx_word' id='word_1_111' title='bbox 975 1556 1157 1640; x_wconf 78' lang='grc' dir='ltr'><strong><em>πράγμασιν</em></strong></span> 
     </span>
     <span class='ocr_line' id='line_1_13' title="bbox 76 1654 1155 1743; baseline 0.006 -25"><span class='ocrx_word' id='word_1_112' title='bbox 76 1654 172 1730; x_wconf 66' lang='lat' dir='ltr'><strong>adroic</strong></span> <span class='ocrx_word' id='word_1_113' title='bbox 193 1655 423 1740; x_wconf 73' lang='grc' dir='ltr'><strong><em>ἐλεγχόμενον,</em></strong></span> <span class='ocrx_word' id='word_1_114' title='bbox 448 1658 725 1743; x_wconf 73' lang='grc' dir='ltr'><strong><em>παλινδρομούσης</em></strong></span> <span class='ocrx_word' id='word_1_115' title='bbox 761 1661 815 1743; x_wconf 86' lang='grc' dir='ltr'><strong><em>τῆς</em></strong></span> <span class='ocrx_word' id='word_1_116' title='bbox 849 1656 978 1743; x_wconf 87' lang='grc' dir='ltr'><strong><em>φύσεως</em></strong></span> <span class='ocrx_word' id='word_1_117' title='bbox 999 1656 1054 1723; x_wconf 85' lang='grc' dir='ltr'><strong><em>καί</em></strong></span> <span class='ocrx_word' id='word_1_118' title='bbox 1073 1659 1155 1724; x_wconf 88' lang='grc' dir='ltr'><strong><em>άνα-</em></strong></span> 
     </span>
     <span class='ocr_line' id='line_1_14' title="bbox 74 1754 1221 1846; baseline 0.01 -29"><span class='ocrx_word' id='word_1_119' title='bbox 74 1759 284 1841; x_wconf 79' lang='grc' dir='ltr'><strong><em>λαμβανούσης</em></strong></span> <span class='ocrx_word' id='word_1_120' title='bbox 308 1761 343 1823; x_wconf 87' lang='grc' dir='ltr'><strong>εἰι</strong></span> <span class='ocrx_word' id='word_1_121' title='bbox 365 1762 421 1824; x_wconf 87' lang='grc' dir='ltr'><strong>τού</strong></span> <span class='ocrx_word' id='word_1_122' title='bbox 452 1754 572 1846; x_wconf 73' lang='grc' dir='ltr'><strong><em>ῥᾴστου</em></strong></span> <span class='ocrx_word' id='word_1_123' title='bbox 596 1756 629 1824; x_wconf 83' lang='grc' dir='ltr'><strong>τύ</strong></span> <span class='ocrx_word' id='word_1_124' title='bbox 658 1763 795 1844; x_wconf 78' lang='grc' dir='ltr'><strong><em>γνήσιον.</em></strong></span> <span class='ocrx_word' id='word_1_125' title='bbox 839 1761 893 1825; x_wconf 88' lang='grc' dir='ltr'><strong><em>καί</em></strong></span> <span class='ocrx_word' id='word_1_126' title='bbox 913 1756 1008 1845; x_wconf 87' lang='grc' dir='ltr'><strong><em>σύγε</em></strong></span> <span class='ocrx_word' id='word_1_127' title='bbox 1036 1757 1102 1846; x_wconf 82' lang='grc' dir='ltr'><strong><em>μῆν</em></strong></span> <span class='ocrx_word' id='word_1_128' title='bbox 1123 1761 1221 1830; x_wconf 73' lang='lat' dir='ltr'><strong>dm</strong></span> 
     </span>
     <span class='ocr_line' id='line_1_15' title="bbox 74 1858 1157 1946; baseline 0.001 -23"><span class='ocrx_word' id='word_1_129' title='bbox 74 1859 125 1936; x_wconf 77' lang='grc' dir='ltr'><strong><em>μὲν</em></strong></span> <span class='ocrx_word' id='word_1_130' title='bbox 151 1860 192 1945; x_wconf 81' lang='grc' dir='ltr'><strong>τῷ</strong></span> <span class='ocrx_word' id='word_1_131' title='bbox 219 1858 382 1946; x_wconf 88' lang='grc' dir='ltr'><strong><em>γραφικάς</em></strong></span> <span class='ocrx_word' id='word_1_132' title='bbox 411 1864 590 1945; x_wconf 87' lang='grc' dir='ltr'><strong><em>μαρτυρίοις</em></strong></span> <span class='ocrx_word' id='word_1_133' title='bbox 625 1868 871 1946; x_wconf 77' lang='grc' dir='ltr'><strong><em>προσποιεῖσθαι</em></strong></span> <span class='ocrx_word' id='word_1_134' title='bbox 909 1863 1066 1943; x_wconf 81' lang='grc' dir='ltr'><strong><em>κομίζειν,</em></strong></span> <span class='ocrx_word' id='word_1_135' title='bbox 1096 1863 1157 1946; x_wconf 85' lang='grc' dir='ltr'><strong>ούχ</strong></span> 
     </span>
     <span class='ocr_line' id='line_1_16' title="bbox 45 1955 1175 2046; baseline 0.007 -26"><span class='ocrx_word' id='word_1_136' title='bbox 45 1958 159 2042; x_wconf 73' lang='grc' dir='ltr'><strong><em>λούγιύς</em></strong></span> <span class='ocrx_word' id='word_1_137' title='bbox 180 1963 209 2025; x_wconf 90' lang='grc' dir='ltr'><strong>δ’</strong></span> <span class='ocrx_word' id='word_1_138' title='bbox 230 1955 300 2042; x_wconf 85' lang='grc' dir='ltr'><strong><em>σύν,</em></strong></span> <span class='ocrx_word' id='word_1_139' title='bbox 319 1960 378 2046; x_wconf 85' lang='grc' dir='ltr'><strong><em>τῆν</em></strong></span> <span class='ocrx_word' id='word_1_140' title='bbox 394 1960 491 2038; x_wconf 86' lang='grc' dir='ltr'><strong><em>αύτύς</em></strong></span> <span class='ocrx_word' id='word_1_141' title='bbox 512 1965 633 2030; x_wconf 78' lang='grc' dir='ltr'><strong><em>σαυτοῦ</em></strong></span> <span class='ocrx_word' id='word_1_142' title='bbox 652 1987 687 2046; x_wconf 90' lang='grc' dir='ltr'><strong>γε</strong></span> <span class='ocrx_word' id='word_1_143' title='bbox 709 1965 853 2045; x_wconf 62' lang='lat' dir='ltr'><strong>dandulus</strong></span> <span class='ocrx_word' id='word_1_144' title='bbox 873 1959 953 2028; x_wconf 76' lang='grc' dir='ltr'><strong><em>ἓκάν</em></strong></span> <span class='ocrx_word' id='word_1_145' title='bbox 974 1966 1175 2046; x_wconf 70' lang='grc' dir='ltr'><strong><em>ἐξελέγχεις,</em></strong></span> 
     </span>
     <span class='ocr_line' id='line_1_17' title="bbox 75 2061 1158 2153; baseline 0.006 -33"><span class='ocrx_word' id='word_1_146' title='bbox 75 2061 103 2121; x_wconf 81' lang='grc' dir='ltr'><strong><em>ίν</em></strong></span> <span class='ocrx_word' id='word_1_147' title='bbox 126 2062 157 2126; x_wconf 79' lang='grc' dir='ltr'><strong>δὲ</strong></span> <span class='ocrx_word' id='word_1_148' title='bbox 178 2067 220 2153; x_wconf 70' lang='grc' dir='ltr'><strong>τρῖ</strong></span> <span class='ocrx_word' id='word_1_149' title='bbox 248 2064 304 2126; x_wconf 91' lang='grc' dir='ltr'><strong><em>καί</em></strong></span> <span class='ocrx_word' id='word_1_150' title='bbox 326 2061 407 2148; x_wconf 90' lang='grc' dir='ltr'><strong><em>πρδς</em></strong></span> <span class='ocrx_word' id='word_1_151' title='bbox 439 2066 601 2150; x_wconf 73' lang='grc' dir='ltr'><strong><em>ἐπισφαλῆ</em></strong></span> <span class='ocrx_word' id='word_1_152' title='bbox 628 2068 684 2128; x_wconf 87' lang='grc' dir='ltr'><strong><em>καί</em></strong></span> <span class='ocrx_word' id='word_1_153' title='bbox 712 2067 852 2148; x_wconf 79' lang='grc' dir='ltr'><strong><em>δυσσεβῆ</em></strong></span> <span class='ocrx_word' id='word_1_154' title='bbox 883 2061 1026 2128; x_wconf 85' lang='grc' dir='ltr'><strong><em>διάνοιαν</em></strong></span> <span class='ocrx_word' id='word_1_155' title='bbox 1057 2061 1158 2138; x_wconf 85' lang='grc' dir='ltr'><strong><em>αύτάς</em></strong></span> 
     </span>
     <span class='ocr_line' id='line_1_18' title="bbox 75 2160 1237 2251; baseline 0.002 -29"><span class='ocrx_word' id='word_1_156' title='bbox 75 2162 268 2251; x_wconf 80' lang='grc' dir='ltr'><strong><em>διαστρέφειν</em></strong></span> <span class='ocrx_word' id='word_1_157' title='bbox 297 2160 355 2248; x_wconf 82' lang='grc' dir='ltr'><strong><em>τῆν</em></strong></span> <span class='ocrx_word' id='word_1_158' title='bbox 391 2165 508 2230; x_wconf 83' lang='grc' dir='ltr'><strong><em>οἰκείαν</em></strong></span> <span class='ocrx_word' id='word_1_159' title='bbox 540 2164 585 2231; x_wconf 80' lang='grc' dir='ltr'><strong>ἔτι</strong></span> <span class='ocrx_word' id='word_1_160' title='bbox 617 2163 798 2250; x_wconf 79' lang='grc' dir='ltr'><strong><em>δεατρίζεις</em></strong></span> <span class='ocrx_word' id='word_1_161' title='bbox 827 2163 1002 2229; x_wconf 76' lang='grc' dir='ltr'><strong><em>κακόνοιαί.</em></strong></span> <span class='ocrx_word' id='word_1_162' title='bbox 1054 2160 1158 2227; x_wconf 86' lang='grc' dir='ltr'><strong><em>ούκέιι</em></strong></span> <span class='ocrx_word' id='word_1_163' title='bbox 1232 2204 1237 2213; x_wconf 87' lang='lat'><em>.</em></span> 
     </span>
     <span class='ocr_line' id='line_1_19' title="bbox 73 2260 1159 2352; baseline 0.001 -26"><span class='ocrx_word' id='word_1_164' title='bbox 73 2260 126 2346; x_wconf 87' lang='grc' dir='ltr'><strong>γάρ</strong></span> <span class='ocrx_word' id='word_1_165' title='bbox 152 2265 330 2347; x_wconf 72' lang='grc' dir='ltr'><strong><em>ἀνέλεγκτον</em></strong></span> <span class='ocrx_word' id='word_1_166' title='bbox 362 2265 394 2340; x_wconf 74' lang='grc' dir='ltr'><strong><em>ἐς</em></strong></span> <span class='ocrx_word' id='word_1_167' title='bbox 413 2267 451 2329; x_wconf 89' lang='grc' dir='ltr'><strong>τά</strong></span> <span class='ocrx_word' id='word_1_168' title='bbox 475 2290 509 2348; x_wconf 86' lang='grc' dir='ltr'><strong>γε</strong></span> <span class='ocrx_word' id='word_1_169' title='bbox 531 2269 587 2352; x_wconf 83' lang='grc' dir='ltr'><strong><em>τῆς</em></strong></span> <span class='ocrx_word' id='word_1_170' title='bbox 621 2270 731 2349; x_wconf 80' lang='grc' dir='ltr'><strong><em>ψυχῆς</em></strong></span> <span class='ocrx_word' id='word_1_171' title='bbox 754 2263 916 2350; x_wconf 86' lang='grc' dir='ltr'><strong><em>μυσῆτρια</em></strong></span> <span class='ocrx_word' id='word_1_172' title='bbox 948 2263 1159 2348; x_wconf 59' lang='lat' dir='ltr'><strong>antestium</strong></span> 
     </span>
     <span class='ocr_line' id='line_1_20' title="bbox 75 2361 1162 2454; baseline 0.003 -26"><span class='ocrx_word' id='word_1_173' title='bbox 75 2365 221 2446; x_wconf 71' lang='grc' dir='ltr'><strong><em>ε’λπιζετιιι</em></strong></span> <span class='ocrx_word' id='word_1_174' title='bbox 243 2365 278 2430; x_wconf 83' lang='grc' dir='ltr'><strong>τύ</strong></span> <span class='ocrx_word' id='word_1_175' title='bbox 299 2371 352 2452; x_wconf 90' lang='grc' dir='ltr'><strong><em>τῆς</em></strong></span> <span class='ocrx_word' id='word_1_176' title='bbox 374 2368 485 2444; x_wconf 82' lang='grc' dir='ltr'><strong><em>κακίας</em></strong></span> <span class='ocrx_word' id='word_1_177' title='bbox 508 2365 688 2454; x_wconf 84' lang='grc' dir='ltr'><strong><em>α’πδρρητον</em></strong></span> <span class='ocrx_word' id='word_1_178' title='bbox 710 2361 804 2452; x_wconf 82' lang='grc' dir='ltr'><strong><em>άγος·</em></strong></span> <span class='ocrx_word' id='word_1_179' title='bbox 829 2364 997 2452; x_wconf 70' lang='grc' dir='ltr'><strong><em>ἐξερρύηκε</em></strong></span> <span class='ocrx_word' id='word_1_180' title='bbox 1019 2363 1080 2451; x_wconf 83' lang='grc' dir='ltr'><strong>γάρ</strong></span> <span class='ocrx_word' id='word_1_181' title='bbox 1105 2367 1162 2432; x_wconf 87' lang='grc' dir='ltr'><strong><em>καί</em></strong></span> 
     </span>
     <span class='ocr_line' id='line_1_21' title="bbox 42 2457 1160 2554; baseline 0.003 -27"><span class='ocrx_word' id='word_1_182' title='bbox 42 2457 303 2554; x_wconf 68' lang='grc' dir='ltr'><strong>20διαπεφοίτηκεν</strong></span> <span class='ocrx_word' id='word_1_183' title='bbox 317 2472 356 2544; x_wconf 57' lang='lat' dir='ltr'><strong>aa</strong></span> <span class='ocrx_word' id='word_1_184' title='bbox 371 2465 461 2554; x_wconf 77' lang='grc' dir='ltr'><strong><em>ἡλίου</em></strong></span> <span class='ocrx_word' id='word_1_185' title='bbox 478 2467 579 2550; x_wconf 84' lang='grc' dir='ltr'><strong><em>αύγάς</em></strong></span> <span class='ocrx_word' id='word_1_186' title='bbox 600 2472 654 2533; x_wconf 87' lang='grc' dir='ltr'><strong><em>καί</em></strong></span> <span class='ocrx_word' id='word_1_187' title='bbox 675 2463 744 2551; x_wconf 83' lang='grc' dir='ltr'><strong><em>ύμα</em></strong></span> <span class='ocrx_word' id='word_1_188' title='bbox 766 2471 797 2546; x_wconf 80' lang='grc' dir='ltr'><strong><em>ἐς</em></strong></span> <span class='ocrx_word' id='word_1_189' title='bbox 810 2469 953 2551; x_wconf 83' lang='grc' dir='ltr'><strong><em>μυκτῆρα</em></strong></span> <span class='ocrx_word' id='word_1_190' title='bbox 968 2464 1022 2530; x_wconf 87' lang='grc' dir='ltr'><strong><em>καί</em></strong></span> <span class='ocrx_word' id='word_1_191' title='bbox 1041 2461 1160 2550; x_wconf 87' lang='grc' dir='ltr'><strong><em>χλεύην</em></strong></span> 
     </span>
     <span class='ocr_line' id='line_1_22' title="bbox 75 2561 1157 2657; baseline 0.004 -30"><span class='ocrx_word' id='word_1_192' title='bbox 75 2561 212 2651; x_wconf 76' lang='grc' dir='ltr'><strong><em>θεάτρου</em></strong></span> <span class='ocrx_word' id='word_1_193' title='bbox 237 2567 360 2657; x_wconf 81' lang='grc' dir='ltr'><strong><em>μεστῆν</em></strong></span> <span class='ocrx_word' id='word_1_194' title='bbox 382 2571 533 2657; x_wconf 72' lang='grc' dir='ltr'><strong><em>κωμικοῦ.</em></strong></span> <span class='ocrx_word' id='word_1_195' title='bbox 587 2573 641 2634; x_wconf 89' lang='grc' dir='ltr'><strong><em>καί</em></strong></span> <span class='ocrx_word' id='word_1_196' title='bbox 663 2567 700 2654; x_wconf 82' lang='grc' dir='ltr'><strong><em>ῆν</em></strong></span> <span class='ocrx_word' id='word_1_197' title='bbox 725 2573 785 2652; x_wconf 84' lang='grc' dir='ltr'><strong><em>μὲν</em></strong></span> <span class='ocrx_word' id='word_1_198' title='bbox 808 2572 935 2646; x_wconf 79' lang='grc' dir='ltr'><strong><em>ἐδίωκες</em></strong></span> <span class='ocrx_word' id='word_1_199' title='bbox 957 2566 1157 2642; x_wconf 87' lang='grc' dir='ltr'><strong><em>άπολιύλεκας</em></strong></span> 
     </span>
     <span class='ocr_line' id='line_1_23' title="bbox 76 2664 1160 2759; baseline 0.001 -28"><span class='ocrx_word' id='word_1_200' title='bbox 76 2664 160 2746; x_wconf 70' lang='grc' dir='ltr'><strong><em>δόξαν</em></strong></span> <span class='ocrx_word' id='word_1_201' title='bbox 181 2667 263 2752; x_wconf 80' lang='grc' dir='ltr'><strong><em>πρὸς</em></strong></span> <span class='ocrx_word' id='word_1_202' title='bbox 284 2664 416 2751; x_wconf 83' lang='grc' dir='ltr'><strong><em>οἷδοξίαν</em></strong></span> <span class='ocrx_word' id='word_1_203' title='bbox 433 2669 640 2757; x_wconf 72' lang='grc' dir='ltr'><strong><em>μετενεγκών·</em></strong></span> <span class='ocrx_word' id='word_1_204' title='bbox 692 2665 732 2756; x_wconf 78' lang='grc' dir='ltr'><strong><em>ἢν</em></strong></span> <span class='ocrx_word' id='word_1_205' title='bbox 755 2673 785 2735; x_wconf 78' lang='grc' dir='ltr'><strong>δ’</strong></span> <span class='ocrx_word' id='word_1_206' title='bbox 809 2670 979 2746; x_wconf 79' lang='grc' dir='ltr'><strong><em>ίκάλυπτες</em></strong></span> <span class='ocrx_word' id='word_1_207' title='bbox 1003 2667 1160 2759; x_wconf 74' lang='grc' dir='ltr'><strong><em>αἰσχύνην</em></strong></span> 
     </span>
    </p>
   </div>
   <div class='ocr_carea' id='block_1_4' title="bbox 78 3016 1271 4382">
    <p class='ocr_par' dir='ltr' id='par_1_4' title="bbox 79 3016 1159 3160">
     <span class='ocr_line' id='line_1_24' title="bbox 79 3016 1159 3091; baseline 0.006 -23"><span class='ocrx_word' id='word_1_208' title='bbox 79 3016 254 3086; x_wconf 82' lang='lat' dir='ltr'><strong>efficientiam,</strong></span> <span class='ocrx_word' id='word_1_209' title='bbox 281 3021 351 3074; x_wconf 89' lang='lat' dir='ltr'><strong>sicut</strong></span> <span class='ocrx_word' id='word_1_210' title='bbox 373 3029 402 3073; x_wconf 90' lang='lat' dir='ltr'><strong>tu</strong></span> <span class='ocrx_word' id='word_1_211' title='bbox 426 3022 494 3074; x_wconf 87' lang='lat' dir='ltr'><strong>baec</strong></span> <span class='ocrx_word' id='word_1_212' title='bbox 519 3023 654 3091; x_wconf 84' lang='lat' dir='ltr'><strong>pervertis</strong></span> <span class='ocrx_word' id='word_1_213' title='bbox 680 3023 846 3090; x_wconf 86' lang='lat' dir='ltr'><strong>impudenter</strong></span> <span class='ocrx_word' id='word_1_214' title='bbox 865 3019 1043 3074; x_wconf 72' lang='lat' dir='ltr'><strong>criminatus?</strong></span> <span class='ocrx_word' id='word_1_215' title='bbox 1061 3022 1159 3076; x_wconf 84' lang='lat' dir='ltr'><strong>etenim</strong></span> 
     </span>
     <span class='ocr_line' id='line_1_25' title="bbox 80 3088 1159 3160; baseline 0.005 -23"><span class='ocrx_word' id='word_1_216' title='bbox 80 3088 196 3156; x_wconf 82' lang='lat' dir='ltr'><strong>explicari</strong></span> <span class='ocrx_word' id='word_1_217' title='bbox 215 3092 323 3160; x_wconf 90' lang='lat' dir='ltr'><strong>quidem</strong></span> <span class='ocrx_word' id='word_1_218' title='bbox 340 3101 459 3146; x_wconf 87' lang='lat' dir='ltr'><strong>naturam</strong></span> <span class='ocrx_word' id='word_1_219' title='bbox 490 3093 522 3146; x_wconf 95' lang='lat' dir='ltr'><strong>ab</strong></span> <span class='ocrx_word' id='word_1_220' title='bbox 542 3110 573 3146; x_wconf 88' lang='lat' dir='ltr'><strong>ea</strong></span> <span class='ocrx_word' id='word_1_221' title='bbox 592 3094 758 3159; x_wconf 87' lang='lat' dir='ltr'><strong>audivimus,</strong></span> <span class='ocrx_word' id='word_1_222' title='bbox 783 3093 890 3146; x_wconf 81' lang='lat' dir='ltr'><strong>differre</strong></span> <span class='ocrx_word' id='word_1_223' title='bbox 909 3101 1074 3144; x_wconf 76' lang='lat' dir='ltr'><strong>autem-eam</strong></span> <span class='ocrx_word' id='word_1_224' title='bbox 1092 3109 1159 3146; x_wconf 90' lang='lat' dir='ltr'><strong>nus.</strong></span> 
     </span>
    </p>

    <p class='ocr_par' dir='ltr' id='par_1_5' title="bbox 79 3164 1160 3232">
     <span class='ocr_line' id='line_1_26' title="bbox 79 3164 1160 3232; baseline 0.002 -22"><span class='ocrx_word' id='word_1_225' title='bbox 79 3176 145 3228; x_wconf 85' lang='lat' dir='ltr'><strong>quatu</strong></span> <span class='ocrx_word' id='word_1_226' title='bbox 162 3165 312 3215; x_wconf 81' lang='lat' dir='ltr'>invenimus</span> <span class='ocrx_word' id='word_1_227' title='bbox 331 3165 462 3216; x_wconf 76' lang='lat' dir='ltr'><strong>dicentem</strong></span> <span class='ocrx_word' id='word_1_228' title='bbox 482 3164 558 3216; x_wconf 89' lang='lat' dir='ltr'><strong>illum</strong></span> <span class='ocrx_word' id='word_1_229' title='bbox 580 3167 698 3218; x_wconf 86' lang='lat' dir='ltr'><strong>divinum</strong></span> <span class='ocrx_word' id='word_1_230' title='bbox 719 3168 813 3217; x_wconf 87' lang='lat' dir='ltr'><strong>virum.</strong></span> <span class='ocrx_word' id='word_1_231' title='bbox 852 3166 902 3216; x_wconf 90' lang='lat' dir='ltr'><strong>inm</strong></span> <span class='ocrx_word' id='word_1_232' title='bbox 921 3179 987 3217; x_wconf 83' lang='lat' dir='ltr'><strong>vern</strong></span> <span class='ocrx_word' id='word_1_233' title='bbox 1005 3165 1028 3216; x_wconf 90' lang='lat' dir='ltr'><strong>si</strong></span> <span class='ocrx_word' id='word_1_234' title='bbox 1047 3173 1075 3216; x_wconf 90' lang='lat' dir='ltr'><strong>tu</strong></span> <span class='ocrx_word' id='word_1_235' title='bbox 1097 3166 1160 3232; x_wconf 91' lang='lat' dir='ltr'><strong>qui.</strong></span> 
     </span>
    </p>

    <p class='ocr_par' dir='ltr' id='par_1_6' title="bbox 78 3231 1196 3590">
     <span class='ocr_line' id='line_1_27' title="bbox 79 3231 1159 3305; baseline 0.006 -24"><span class='ocrx_word' id='word_1_236' title='bbox 79 3232 128 3282; x_wconf 87' lang='lat' dir='ltr'><strong>dem</strong></span> <span class='ocrx_word' id='word_1_237' title='bbox 145 3231 217 3286; x_wconf 88' lang='lat' dir='ltr'><strong>illam</strong></span> <span class='ocrx_word' id='word_1_238' title='bbox 236 3243 348 3287; x_wconf 85' lang='lat' dir='ltr'><strong>naturae</strong></span> <span class='ocrx_word' id='word_1_239' title='bbox 373 3235 579 3304; x_wconf 81' lang='lat' dir='ltr'><strong>explicationem</strong></span> <span class='ocrx_word' id='word_1_240' title='bbox 601 3253 649 3305; x_wconf 92' lang='lat' dir='ltr'><strong>pro</strong></span> <span class='ocrx_word' id='word_1_241' title='bbox 669 3238 819 3289; x_wconf 79' lang='lat' dir='ltr'><strong>differentia</strong></span> <span class='ocrx_word' id='word_1_242' title='bbox 840 3237 959 3303; x_wconf 82' lang='lat' dir='ltr'><strong>accipis,</strong></span> <span class='ocrx_word' id='word_1_243' title='bbox 979 3237 1029 3287; x_wconf 93' lang='lat' dir='ltr'><strong>iam</strong></span> <span class='ocrx_word' id='word_1_244' title='bbox 1053 3237 1159 3288; x_wconf 89' lang='lat' dir='ltr'><strong>esttibi</strong></span> 
     </span>
     <span class='ocr_line' id='line_1_28' title="bbox 79 3302 1196 3376; baseline 0.007 -24"><span class='ocrx_word' id='word_1_245' title='bbox 79 3302 218 3372; x_wconf 85' lang='lat' dir='ltr'><strong>reliquum,</strong></span> <span class='ocrx_word' id='word_1_246' title='bbox 244 3322 304 3358; x_wconf 88' lang='lat' dir='ltr'><strong>cum</strong></span> <span class='ocrx_word' id='word_1_247' title='bbox 323 3307 413 3360; x_wconf 88' lang='lat' dir='ltr'><strong>audias</strong></span> <span class='ocrx_word' id='word_1_248' title='bbox 434 3309 596 3376; x_wconf 88' lang='lat' dir='ltr'><strong>scripturam.</strong></span> <span class='ocrx_word' id='word_1_249' title='bbox 610 3311 742 3360; x_wconf 92' lang='lat' dir='ltr'><strong>dicentem</strong></span> <span class='ocrx_word' id='word_1_250' title='bbox 771 3309 976 3376; x_wconf 82' lang='lat' dir='ltr'><strong>explicationem</strong></span> <span class='ocrx_word' id='word_1_251' title='bbox 996 3308 1078 3376; x_wconf 84' lang='lat' dir='ltr'><strong>patris</strong></span> <span class='ocrx_word' id='word_1_252' title='bbox 1100 3323 1160 3360; x_wconf 84' lang='lat' dir='ltr'><strong>esse</strong></span> <span class='ocrx_word' id='word_1_253' title='bbox 1193 3308 1196 3312; x_wconf 74' lang='grc'>’</span> 
     </span>
     <span class='ocr_line' id='line_1_29' title="bbox 78 3373 1161 3450; baseline 0.006 -27"><span class='ocrx_word' id='word_1_254' title='bbox 78 3373 159 3441; x_wconf 84' lang='lat' dir='ltr'><strong>ilium,</strong></span> <span class='ocrx_word' id='word_1_255' title='bbox 178 3385 206 3428; x_wconf 92' lang='lat' dir='ltr'><strong>ut</strong></span> <span class='ocrx_word' id='word_1_256' title='bbox 225 3378 380 3430; x_wconf 84' lang='lat' dir='ltr'><strong>dissimilem</strong></span> <span class='ocrx_word' id='word_1_257' title='bbox 400 3379 483 3430; x_wconf 85' lang='lat' dir='ltr'><strong>lilium</strong></span> <span class='ocrx_word' id='word_1_258' title='bbox 502 3382 570 3448; x_wconf 90' lang='lat' dir='ltr'><strong>patri</strong></span> <span class='ocrx_word' id='word_1_259' title='bbox 591 3382 723 3445; x_wconf 80' lang='lat' dir='ltr'><strong>enunties,</strong></span> <span class='ocrx_word' id='word_1_260' title='bbox 744 3389 770 3432; x_wconf 90' lang='lat' dir='ltr'><strong>et</strong></span> <span class='ocrx_word' id='word_1_261' title='bbox 789 3381 859 3450; x_wconf 92' lang='lat' dir='ltr'><strong>quod</strong></span> <span class='ocrx_word' id='word_1_262' title='bbox 879 3381 910 3432; x_wconf 94' lang='lat' dir='ltr'><strong>ad</strong></span> <span class='ocrx_word' id='word_1_263' title='bbox 928 3388 1045 3431; x_wconf 87' lang='lat' dir='ltr'><strong>naturam</strong></span> <span class='ocrx_word' id='word_1_264' title='bbox 1066 3381 1161 3431; x_wconf 88' lang='lat' dir='ltr'><strong>attinet</strong></span> 
     </span>
     <span class='ocr_line' id='line_1_30' title="bbox 79 3447 1157 3520; baseline 0.008 -27"><span class='ocrx_word' id='word_1_265' title='bbox 79 3449 183 3499; x_wconf 90' lang='lat' dir='ltr'><strong>essentia</strong></span> <span class='ocrx_word' id='word_1_266' title='bbox 201 3457 335 3501; x_wconf 85' lang='lat' dir='ltr'><strong>carentem</strong></span> <span class='ocrx_word' id='word_1_267' title='bbox 355 3451 481 3516; x_wconf 75' lang='lat' dir='ltr'><strong>etvalde</strong></span> <span class='ocrx_word' id='word_1_268' title='bbox 501 3453 644 3504; x_wconf 84' lang='lat' dir='ltr'><strong>diversum.</strong></span> <span class='ocrx_word' id='word_1_269' title='bbox 681 3453 738 3516; x_wconf 89' lang='lat' dir='ltr'><strong>aed,</strong></span> <span class='ocrx_word' id='word_1_270' title='bbox 759 3461 788 3504; x_wconf 86' lang='lat' dir='ltr'><strong>ut</strong></span> <span class='ocrx_word' id='word_1_271' title='bbox 807 3453 921 3516; x_wconf 89' lang='lat' dir='ltr'><strong>videtur,</strong></span> <span class='ocrx_word' id='word_1_272' title='bbox 942 3453 1011 3520; x_wconf 90' lang='lat' dir='ltr'><strong>quod</strong></span> <span class='ocrx_word' id='word_1_273' title='bbox 1031 3447 1045 3502; x_wconf 75' lang='lat' dir='ltr'><strong>d</strong></span> <span class='ocrx_word' id='word_1_274' title='bbox 1064 3459 1157 3504; x_wconf 87' lang='lat' dir='ltr'><strong>natura</strong></span> 
     </span>
     <span class='ocr_line' id='line_1_31' title="bbox 79 3521 1161 3590; baseline 0.006 -23"><span class='ocrx_word' id='word_1_275' title='bbox 79 3529 176 3581; x_wconf 83' lang='lat' dir='ltr'><strong>prauum</strong></span> <span class='ocrx_word' id='word_1_276' title='bbox 197 3528 248 3584; x_wconf 89' lang='lat' dir='ltr'><strong>est,</strong></span> <span class='ocrx_word' id='word_1_277' title='bbox 266 3529 295 3571; x_wconf 90' lang='lat' dir='ltr'><strong>ut</strong></span> <span class='ocrx_word' id='word_1_278' title='bbox 313 3523 350 3572; x_wconf 90' lang='lat' dir='ltr'><strong>ita</strong></span> <span class='ocrx_word' id='word_1_279' title='bbox 369 3521 463 3587; x_wconf 91' lang='lat' dir='ltr'><strong>dicam,</strong></span> <span class='ocrx_word' id='word_1_280' title='bbox 484 3530 511 3574; x_wconf 88' lang='lat' dir='ltr'><strong>et</strong></span> <span class='ocrx_word' id='word_1_281' title='bbox 529 3522 611 3574; x_wconf 89' lang='lat' dir='ltr'><strong>semel</strong></span> <span class='ocrx_word' id='word_1_282' title='bbox 631 3523 785 3590; x_wconf 88' lang='lat' dir='ltr'><strong>periculoso</strong></span> <span class='ocrx_word' id='word_1_283' title='bbox 804 3525 899 3574; x_wconf 90' lang='lat' dir='ltr'><strong>mentis</strong></span> <span class='ocrx_word' id='word_1_284' title='bbox 923 3523 1015 3574; x_wconf 89' lang='lat' dir='ltr'><strong>morbo</strong></span> <span class='ocrx_word' id='word_1_285' title='bbox 1036 3523 1161 3575; x_wconf 87' lang='lat' dir='ltr'><strong>allectum</strong></span> 
     </span>
    </p>

    <p class='ocr_par' dir='ltr' id='par_1_7' title="bbox 80 3593 1161 3662">
     <span class='ocr_line' id='line_1_32' title="bbox 80 3593 1161 3662; baseline 0.004 -25"><span class='ocrx_word' id='word_1_286' title='bbox 80 3595 102 3638; x_wconf 87' lang='lat' dir='ltr'><strong>et</strong></span> <span class='ocrx_word' id='word_1_287' title='bbox 116 3599 252 3658; x_wconf 88' lang='lat' dir='ltr'><strong>propterea</strong></span> <span class='ocrx_word' id='word_1_288' title='bbox 282 3593 380 3644; x_wconf 82' lang='lat' dir='ltr'><strong>divinis</strong></span> <span class='ocrx_word' id='word_1_289' title='bbox 400 3595 530 3661; x_wconf 78' lang='lat' dir='ltr'><strong>dogmatis</strong></span> <span class='ocrx_word' id='word_1_290' title='bbox 552 3595 692 3662; x_wconf 89' lang='lat' dir='ltr'><strong>abruptum</strong></span> <span class='ocrx_word' id='word_1_291' title='bbox 712 3602 752 3645; x_wconf 85' lang='lat' dir='ltr'><strong>est</strong></span> <span class='ocrx_word' id='word_1_292' title='bbox 772 3597 799 3645; x_wconf 91' lang='lat' dir='ltr'><strong>in</strong></span> <span class='ocrx_word' id='word_1_293' title='bbox 820 3609 952 3658; x_wconf 89' lang='lat' dir='ltr'><strong>errorem,</strong></span> <span class='ocrx_word' id='word_1_294' title='bbox 972 3603 1092 3661; x_wconf 88' lang='lat' dir='ltr'><strong>tempore</strong></span> <span class='ocrx_word' id='word_1_295' title='bbox 1110 3595 1161 3645; x_wconf 92' lang='lat' dir='ltr'><strong>dc.</strong></span> 
     </span>
    </p>

    <p class='ocr_par' dir='ltr' id='par_1_8' title="bbox 79 3656 1271 4020">
     <span class='ocr_line' id='line_1_33' title="bbox 80 3656 1160 3734; baseline 0.008 -26"><span class='ocrx_word' id='word_1_296' title='bbox 80 3656 129 3709; x_wconf 87' lang='lat' dir='ltr'><strong>lore</strong></span> <span class='ocrx_word' id='word_1_297' title='bbox 147 3661 262 3714; x_wconf 89' lang='lat' dir='ltr'><strong>habitum</strong></span> <span class='ocrx_word' id='word_1_298' title='bbox 280 3663 349 3731; x_wconf 82' lang='lat' dir='ltr'><strong>baud</strong></span> <span class='ocrx_word' id='word_1_299' title='bbox 370 3666 426 3715; x_wconf 89' lang='lat' dir='ltr'><strong>scio</strong></span> <span class='ocrx_word' id='word_1_300' title='bbox 446 3681 479 3715; x_wconf 92' lang='lat' dir='ltr'><strong>an</strong></span> <span class='ocrx_word' id='word_1_301' title='bbox 498 3681 630 3734; x_wconf 89' lang='lat' dir='ltr'><strong>nunquam</strong></span> <span class='ocrx_word' id='word_1_302' title='bbox 646 3667 746 3732; x_wconf 88' lang='lat' dir='ltr'><strong>possit,</strong></span> <span class='ocrx_word' id='word_1_303' title='bbox 760 3681 813 3718; x_wconf 91' lang='lat' dir='ltr'><strong>non</strong></span> <span class='ocrx_word' id='word_1_304' title='bbox 832 3668 915 3734; x_wconf 86' lang='lat' dir='ltr'><strong>magis</strong></span> <span class='ocrx_word' id='word_1_305' title='bbox 933 3682 1010 3734; x_wconf 90' lang='lat' dir='ltr'><strong>quam</strong></span> <span class='ocrx_word' id='word_1_306' title='bbox 1029 3667 1160 3717; x_wconf 88' lang='lat' dir='ltr'><strong>interdum</strong></span> 
     </span>
     <span class='ocr_line' id='line_1_34' title="bbox 79 3725 1271 3804; baseline 0.008 -25"><span class='ocrx_word' id='word_1_307' title='bbox 79 3725 182 3784; x_wconf 90' lang='lat' dir='ltr'><strong>habitum</strong></span> <span class='ocrx_word' id='word_1_308' title='bbox 201 3733 307 3800; x_wconf 85' lang='lat' dir='ltr'><strong>pulchri</strong></span> <span class='ocrx_word' id='word_1_309' title='bbox 335 3751 368 3785; x_wconf 86' lang='lat' dir='ltr'><strong>ex</strong></span> <span class='ocrx_word' id='word_1_310' title='bbox 387 3737 464 3802; x_wconf 90' lang='lat' dir='ltr'><strong>poesi</strong></span> <span class='ocrx_word' id='word_1_311' title='bbox 483 3736 587 3803; x_wconf 89' lang='lat' dir='ltr'><strong>pellere</strong></span> <span class='ocrx_word' id='word_1_312' title='bbox 606 3745 711 3804; x_wconf 89' lang='lat' dir='ltr'><strong>potest,</strong></span> <span class='ocrx_word' id='word_1_313' title='bbox 737 3737 877 3789; x_wconf 86' lang='lat' dir='ltr'><strong>celerrime</strong></span> <span class='ocrx_word' id='word_1_314' title='bbox 902 3738 1035 3789; x_wconf 86' lang='lat' dir='ltr'><strong>decutitur</strong></span> <span class='ocrx_word' id='word_1_315' title='bbox 1053 3752 1083 3788; x_wconf 88' lang='lat' dir='ltr'><strong>re</strong></span> <span class='ocrx_word' id='word_1_316' title='bbox 1103 3739 1161 3804; x_wconf 86' lang='lat' dir='ltr'><strong>ipsa</strong></span> <span class='ocrx_word' id='word_1_317' title='bbox 1267 3775 1271 3782; x_wconf 92' lang='lat'>.</span> 
     </span>
     <span class='ocr_line' id='line_1_35' title="bbox 80 3799 1215 3876; baseline 0.008 -25"><span class='ocrx_word' id='word_1_318' title='bbox 80 3799 216 3870; x_wconf 88' lang='lat' dir='ltr'><strong>detectum,</strong></span> <span class='ocrx_word' id='word_1_319' title='bbox 254 3820 312 3855; x_wconf 90' lang='lat' dir='ltr'><strong>cum</strong></span> <span class='ocrx_word' id='word_1_320' title='bbox 333 3815 427 3858; x_wconf 88' lang='lat' dir='ltr'><strong>natura</strong></span> <span class='ocrx_word' id='word_1_321' title='bbox 446 3810 539 3859; x_wconf 86' lang='lat' dir='ltr'><strong>redeat</strong></span> <span class='ocrx_word' id='word_1_322' title='bbox 559 3817 585 3859; x_wconf 93' lang='lat' dir='ltr'><strong>et</strong></span> <span class='ocrx_word' id='word_1_323' title='bbox 602 3809 716 3874; x_wconf 88' lang='lat' dir='ltr'><strong>recipiat</strong></span> <span class='ocrx_word' id='word_1_324' title='bbox 740 3808 869 3860; x_wconf 82' lang='lat' dir='ltr'><strong>facillime</strong></span> <span class='ocrx_word' id='word_1_325' title='bbox 888 3824 1049 3876; x_wconf 84' lang='lat' dir='ltr'><strong>germanum.</strong></span> <span class='ocrx_word' id='word_1_326' title='bbox 1088 3817 1114 3860; x_wconf 89' lang='lat' dir='ltr'><strong>et</strong></span> <span class='ocrx_word' id='word_1_327' title='bbox 1132 3817 1161 3860; x_wconf 91' lang='lat' dir='ltr'><strong>tu</strong></span> <span class='ocrx_word' id='word_1_328' title='bbox 1212 3831 1215 3838; x_wconf 37' lang='lat' dir='ltr'><strong>r</strong></span> 
     </span>
     <span class='ocr_line' id='line_1_36' title="bbox 80 3873 1161 3948; baseline 0.007 -25"><span class='ocrx_word' id='word_1_329' title='bbox 80 3873 172 3938; x_wconf 84' lang='lat' dir='ltr'><strong>quidem</strong></span> <span class='ocrx_word' id='word_1_330' title='bbox 191 3876 340 3929; x_wconf 86' lang='lat' dir='ltr'><strong>simulando</strong></span> <span class='ocrx_word' id='word_1_331' title='bbox 366 3885 394 3929; x_wconf 89' lang='lat' dir='ltr'><strong>te</strong></span> <span class='ocrx_word' id='word_1_332' title='bbox 412 3879 507 3930; x_wconf 85' lang='lat' dir='ltr'><strong>afferre</strong></span> <span class='ocrx_word' id='word_1_333' title='bbox 532 3879 683 3930; x_wconf 84' lang='lat' dir='ltr'><strong>testimonia</strong></span> <span class='ocrx_word' id='word_1_334' title='bbox 709 3882 824 3946; x_wconf 87' lang='lat' dir='ltr'><strong>scripta,</strong></span> <span class='ocrx_word' id='word_1_335' title='bbox 849 3881 942 3932; x_wconf 89' lang='lat' dir='ltr'><strong>insane</strong></span> <span class='ocrx_word' id='word_1_336' title='bbox 961 3881 1082 3948; x_wconf 89' lang='lat' dir='ltr'><strong>quidem,</strong></span> <span class='ocrx_word' id='word_1_337' title='bbox 1102 3882 1161 3948; x_wconf 85' lang='lat' dir='ltr'><strong>ipsa</strong></span> 
     </span>
     <span class='ocr_line' id='line_1_37' title="bbox 79 3943 1161 4020; baseline 0.008 -27"><span class='ocrx_word' id='word_1_338' title='bbox 79 3943 204 3998; x_wconf 86' lang='lat' dir='ltr'><strong>stultitiam</strong></span> <span class='ocrx_word' id='word_1_339' title='bbox 222 3957 294 3998; x_wconf 89' lang='lat' dir='ltr'><strong>tuam</strong></span> <span class='ocrx_word' id='word_1_340' title='bbox 323 3948 393 4001; x_wconf 89' lang='lat' dir='ltr'><strong>ultro</strong></span> <span class='ocrx_word' id='word_1_341' title='bbox 412 3950 532 4018; x_wconf 83' lang='lat' dir='ltr'><strong>detegis,</strong></span> <span class='ocrx_word' id='word_1_342' title='bbox 559 3965 704 4017; x_wconf 86' lang='lat' dir='ltr'><strong>quaecum</strong></span> <span class='ocrx_word' id='word_1_343' title='bbox 731 3953 808 4002; x_wconf 89' lang='lat' dir='ltr'><strong>etiam</strong></span> <span class='ocrx_word' id='word_1_344' title='bbox 833 3951 860 4002; x_wconf 87' lang='lat' dir='ltr'><strong>in</strong></span> <span class='ocrx_word' id='word_1_345' title='bbox 888 3952 1046 4003; x_wconf 90' lang='lat' dir='ltr'><strong>sententiam</strong></span> <span class='ocrx_word' id='word_1_346' title='bbox 1066 3967 1161 4020; x_wconf 82' lang='lat' dir='ltr'><strong>ungam</strong></span> 
     </span>
    </p>

    <p class='ocr_par' dir='ltr' id='par_1_9' title="bbox 80 4017 1161 4090">
     <span class='ocr_line' id='line_1_38' title="bbox 80 4017 1161 4090; baseline 0.01 -27"><span class='ocrx_word' id='word_1_347' title='bbox 80 4022 102 4065; x_wconf 85' lang='lat' dir='ltr'><strong>et</strong></span> <span class='ocrx_word' id='word_1_348' title='bbox 117 4017 217 4085; x_wconf 87' lang='lat' dir='ltr'><strong>impiam</strong></span> <span class='ocrx_word' id='word_1_349' title='bbox 239 4029 395 4086; x_wconf 83' lang='lat' dir='ltr'><strong>pervertas,</strong></span> <span class='ocrx_word' id='word_1_350' title='bbox 415 4023 466 4071; x_wconf 93' lang='lat' dir='ltr'><strong>iam</strong></span> <span class='ocrx_word' id='word_1_351' title='bbox 484 4021 679 4087; x_wconf 81' lang='lat' dir='ltr'><strong>improbitatem</strong></span> <span class='ocrx_word' id='word_1_352' title='bbox 695 4021 745 4073; x_wconf 94' lang='lat' dir='ltr'><strong>tibi</strong></span> <span class='ocrx_word' id='word_1_353' title='bbox 759 4024 892 4089; x_wconf 88' lang='lat' dir='ltr'><strong>propriam</strong></span> <span class='ocrx_word' id='word_1_354' title='bbox 912 4021 1020 4089; x_wconf 84' lang='lat' dir='ltr'><strong>publice</strong></span> <span class='ocrx_word' id='word_1_355' title='bbox 1040 4024 1161 4090; x_wconf 81' lang='lat' dir='ltr'><strong>exponis.</strong></span> 
     </span>
    </p>

    <p class='ocr_par' dir='ltr' id='par_1_10' title="bbox 78 4091 1162 4160">
     <span class='ocr_line' id='line_1_39' title="bbox 78 4091 1162 4160; baseline 0.006 -25"><span class='ocrx_word' id='word_1_356' title='bbox 78 4099 156 4155; x_wconf 87' lang='lat' dir='ltr'><strong>neque</strong></span> <span class='ocrx_word' id='word_1_357' title='bbox 175 4093 245 4142; x_wconf 90' lang='lat' dir='ltr'><strong>enirn</strong></span> <span class='ocrx_word' id='word_1_358' title='bbox 264 4092 314 4141; x_wconf 85' lang='lat' dir='ltr'><strong>iarn</strong></span> <span class='ocrx_word' id='word_1_359' title='bbox 335 4091 448 4143; x_wconf 86' lang='lat' dir='ltr'><strong>celatum</strong></span> <span class='ocrx_word' id='word_1_360' title='bbox 471 4092 541 4160; x_wconf 90' lang='lat' dir='ltr'><strong>qnod</strong></span> <span class='ocrx_word' id='word_1_361' title='bbox 560 4093 592 4144; x_wconf 89' lang='lat' dir='ltr'><strong>ad</strong></span> <span class='ocrx_word' id='word_1_362' title='bbox 613 4092 693 4142; x_wconf 90' lang='lat' dir='ltr'><strong>animi</strong></span> <span class='ocrx_word' id='word_1_363' title='bbox 717 4095 845 4158; x_wconf 79' lang='lat' dir='ltr'><strong>mysteria</strong></span> <span class='ocrx_word' id='word_1_364' title='bbox 863 4095 958 4146; x_wconf 86' lang='lat' dir='ltr'><strong>attinet</strong></span> <span class='ocrx_word' id='word_1_365' title='bbox 982 4109 1012 4146; x_wconf 89' lang='lat' dir='ltr'><strong>se</strong></span> <span class='ocrx_word' id='word_1_366' title='bbox 1032 4095 1162 4146; x_wconf 84' lang='lat' dir='ltr'><strong>dormitu.</strong></span> 
     </span>
    </p>

    <p class='ocr_par' dir='ltr' id='par_1_11' title="bbox 79 4163 1263 4301">
     <span class='ocr_line' id='line_1_40' title="bbox 79 4163 1263 4232; baseline 0.009 -26"><span class='ocrx_word' id='word_1_367' title='bbox 79 4171 127 4209; x_wconf 83' lang='lat' dir='ltr'><strong>runs</strong></span> <span class='ocrx_word' id='word_1_368' title='bbox 150 4170 238 4228; x_wconf 87' lang='lat' dir='ltr'><strong>sperat</strong></span> <span class='ocrx_word' id='word_1_369' title='bbox 255 4163 395 4229; x_wconf 89' lang='lat' dir='ltr'><strong>pravitatis</strong></span> <span class='ocrx_word' id='word_1_370' title='bbox 419 4163 508 4215; x_wconf 89' lang='lat' dir='ltr'><strong>scelus</strong></span> <span class='ocrx_word' id='word_1_371' title='bbox 538 4171 679 4215; x_wconf 88' lang='lat' dir='ltr'><strong>secretum.</strong></span> <span class='ocrx_word' id='word_1_372' title='bbox 728 4167 861 4217; x_wconf 85' lang='lat' dir='ltr'><strong>emanavit</strong></span> <span class='ocrx_word' id='word_1_373' title='bbox 890 4167 958 4216; x_wconf 88' lang='lat' dir='ltr'><strong>eninr</strong></span> <span class='ocrx_word' id='word_1_374' title='bbox 979 4173 1006 4216; x_wconf 91' lang='lat' dir='ltr'><strong>et</strong></span> <span class='ocrx_word' id='word_1_375' title='bbox 1023 4164 1163 4232; x_wconf 77' lang='lat' dir='ltr'><strong>divulgata</strong></span> <span class='ocrx_word' id='word_1_376' title='bbox 1258 4185 1263 4192; x_wconf 92' lang='lat'>·</span> 
     </span>
     <span class='ocr_line' id='line_1_41' title="bbox 80 4232 1162 4301; baseline 0.007 -24"><span class='ocrx_word' id='word_1_377' title='bbox 80 4236 114 4278; x_wconf 90' lang='lat' dir='ltr'><strong>est</strong></span> <span class='ocrx_word' id='word_1_378' title='bbox 131 4233 157 4284; x_wconf 89' lang='lat' dir='ltr'><strong>in</strong></span> <span class='ocrx_word' id='word_1_379' title='bbox 176 4232 241 4285; x_wconf 93' lang='lat' dir='ltr'><strong>solis</strong></span> <span class='ocrx_word' id='word_1_380' title='bbox 260 4234 349 4285; x_wconf 88' lang='lat' dir='ltr'><strong>radios</strong></span> <span class='ocrx_word' id='word_1_381' title='bbox 374 4232 507 4301; x_wconf 86' lang='lat' dir='ltr'><strong>simulque</strong></span> <span class='ocrx_word' id='word_1_382' title='bbox 527 4237 553 4288; x_wconf 91' lang='lat' dir='ltr'><strong>in</strong></span> <span class='ocrx_word' id='word_1_383' title='bbox 573 4234 713 4287; x_wconf 84' lang='lat' dir='ltr'><strong>ludibrium</strong></span> <span class='ocrx_word' id='word_1_384' title='bbox 734 4243 760 4287; x_wconf 88' lang='lat' dir='ltr'><strong>et</strong></span> <span class='ocrx_word' id='word_1_385' title='bbox 779 4236 978 4290; x_wconf 84' lang='lat' dir='ltr'><strong>cavillationem</strong></span> <span class='ocrx_word' id='word_1_386' title='bbox 998 4237 1093 4288; x_wconf 85' lang='lat' dir='ltr'><strong>theatri</strong></span> <span class='ocrx_word' id='word_1_387' title='bbox 1113 4249 1162 4286; x_wconf 85' lang='lat' dir='ltr'><strong>co-</strong></span> 
     </span>
    </p>

    <p class='ocr_par' dir='ltr' id='par_1_12' title="bbox 79 4297 1162 4382">
     <span class='ocr_line' id='line_1_42' title="bbox 79 4297 1162 4382; baseline 0.009 -32"><span class='ocrx_word' id='word_1_388' title='bbox 79 4299 132 4352; x_wconf 89' lang='lat' dir='ltr'><strong>mici</strong></span> <span class='ocrx_word' id='word_1_389' title='bbox 152 4297 329 4372; x_wconf 72' lang='lat' dir='ltr'><strong>frequentem,</strong></span> <span class='ocrx_word' id='word_1_390' title='bbox 351 4314 378 4356; x_wconf 87' lang='lat' dir='ltr'><strong>ct</strong></span> <span class='ocrx_word' id='word_1_391' title='bbox 396 4305 508 4374; x_wconf 81' lang='lat' dir='ltr'><strong>gloriam</strong></span> <span class='ocrx_word' id='word_1_392' title='bbox 528 4323 604 4375; x_wconf 93' lang='lat' dir='ltr'><strong>quarn</strong></span> <span class='ocrx_word' id='word_1_393' title='bbox 623 4308 729 4374; x_wconf 84' lang='lat' dir='ltr'><strong>assequi</strong></span> <span class='ocrx_word' id='word_1_394' title='bbox 745 4308 870 4362; x_wconf 86' lang='lat' dir='ltr'><strong>studebas</strong></span> <span class='ocrx_word' id='word_1_395' title='bbox 877 4308 1022 4382; x_wconf 80' lang='lat' dir='ltr'><strong>perdidisti</strong></span> <span class='ocrx_word' id='word_1_396' title='bbox 1039 4313 1162 4360; x_wconf 82' lang='lat' dir='ltr'><strong>mutatam</strong></span> 
     </span>
    </p>
   </div>
   <div class='ocr_carea' id='block_1_5' title="bbox 506 4449 517 4478">
    <p class='ocr_par' dir='ltr' id='par_1_13' title="bbox 506 4449 517 4478">
     <span class='ocr_line' id='line_1_43' title="bbox 506 4449 517 4478; baseline 0 0"><span class='ocrx_word' id='word_1_397' title='bbox 506 4449 517 4478; x_wconf 76' lang='grc' dir='ltr'><strong><em>Ι</em></strong></span> 
     </span>
    </p>
   </div>
   <div class='ocr_carea' id='block_1_6' title="bbox 0 0 1452 4910">
    <p class='ocr_par' dir='ltr' id='par_1_14' title="bbox 0 0 1452 4910">
     <span class='ocr_line' id='line_1_44' title="bbox 0 0 1452 4910; baseline 0 0"><span class='ocrx_word' id='word_1_398' title='bbox 0 0 1452 4910; x_wconf 95' lang='lat' dir='ltr'><strong> </strong></span> 
     </span>
    </p>
   </div>
  </div>
 </body>
</html>
