2992 4916
300 344 373 426 est
606 359 829 428 urearaoar
861 349 1090 426 caecemus

298 522 391 608 ἕτερα
413 522 563 590 ἐπενόουν
578 523 633 588 καί
641 522 881 607 Ιπροσετίθεσαν
902 522 975 602 ξένα
992 543 1028 585 τε
1048 518 1105 586 καί
1125 515 1296 604 όπέρογκα.
1317 511 1383 582 sidtu

297 624 353 688 καί
367 625 424 708 τῆς
444 626 550 710 τρίτης
570 623 704 709 ταυτησί
725 620 837 688 λοιπόν
865 623 1015 710 όφαρμῆς
1039 620 1242 707 δραξάμενοι,
1265 619 1319 702 τής
1336 617 1382 681 τοῦ

299 725 567 810 Καντακουζηυοῦ
600 724 683 811 φημί
703 722 785 809 πρός
812 723 1038 808 Παλαιολόγον
1065 720 1119 787 τόν
1148 720 1218 785 νέον
1240 719 1314 803 περὶ
1330 741 1381 798 po·
1470 749 1474 788 ι

297 825 434 908 ναρχίας
457 824 582 910 ἔριδος,
608 827 655 912 τῷ
675 823 733 911 νέῳ
763 824 1044 910 προσεληλόδεσαν
1074 822 1223 906 ἐξορίστῳ
1247 819 1324 895 τέως
1344 819 1381 882 εἰ·
1473 819 1474 870 3

297 933 377 1002 πεῖν,
407 924 529 1011 Τενέδῳ
551 928 721 1012 τηνικαῦτα
749 930 791 1012 τῇ
811 911 894 1011 νήσῳ
922 924 1159 1008 ἐνδιατρίβογτι.
1212 920 1269 985 καί
1288 918 1400 1005 όρκοιςς
1473 913 1474 918 ¹

295 1025 593 1110 προκαταδήσαντές
612 1050 656 1091 rs·
677 1026 733 1090 uui
765 1023 939 1113 γράμματα
969 1024 1048 1111 πρὸς
1084 1022 1171 1086 ἅπαν
1202 1024 1325 1086 ἐκεῖθεν
1351 1019 1380 1086 τό

293 1125 486 1210 βουλόμενον
508 1127 679 1214 εἰληφότες,
701 1129 809 1216 λόδρρι
831 1128 999 1211 ἐπέραινον
1018 1128 1069 1213 ἐφ’
1094 1116 1142 1199 οἷς
1158 1122 1379 1208 ἐμισόοόθήσαν

293 1229 349 1290 τοῦ
372 1229 485 1296 λοιποῦ
507 1230 675 1318 προθυμίᾳ
700 1228 785 1316 πόσῃ
809 1231 921 1314 ψυχῆς
942 1227 998 1293 καὶ
1020 1224 1130 1300 όπλοις
1151 1224 1206 1289 καί
1226 1224 1380 1309 χρήμασιν

294 1327 494 1414 α’φειδσδσιν.
553 1329 589 1393 οὗ
621 1329 774 1414 μόνονδὲ
798 1327 957 1394 ἀλλὰκαὶ
981 1333 1119 1402 Λατῖνος
1149 1324 1379 1410 ἐτεροςοσφίσιν

296 1427 462 1514 όμόφυλός
475 1453 508 1495 τε
522 1431 578 1495 καί
599 1429 803 1516 όμογνοόμωυ,
825 1431 904 1513 μίαν
924 1429 1008 1510 ἔχων
1020 1428 1134 1519 τριήρη
1154 1427 1209 1490 καὶ
1228 1427 1300 1509 βίον
1319 1447 1377 1488 πει-
1387 1442 1411 1496 10

296 1527 423 1616 ρατιαόν
441 1531 565 1614 μετιών,
588 1531 646 1596 κόκ
668 1532 815 1597 τοιούτων
832 1532 940 1619 πόρων
962 1531 1115 1605 πλουτῶν,
1142 1525 1250 1612 ὥσπερ
1267 1520 1377 1611 ἑρμαίφ

291 1631 494 1716 χρησόμενος
523 1633 579 1697 καὶ
610 1631 704 1708 αὐτός
724 1635 771 1718 τῷ
801 1634 922 1718 καιρῷ,
944 1638 1014 1705 ταῖς
1042 1626 1169 1710 ὁμοίαις
1188 1625 1378 1710 ἐπαγγελίαις
1474 1663 1475 1680 r

293 1730 349 1814 τὴν
369 1730 495 1815 γνώμην
528 1735 585 1800 καί
606 1733 698 1811 αὐτὸς
716 1734 883 1819 χειροῦται
910 1734 967 1797 τοῦ
996 1727 1171 1814 βασιλέως,
1205 1726 1325 1810 Τενέδῳ
1345 1724 1377 1808 τῇ

292 1831 377 1916 νήσῳ
399 1835 581 1916 προσσχών.
623 1832 699 1899 ὅθεν
718 1837 774 1899 καί
799 1834 1061 1920 μοναρχήσαντος
1090 1831 1146 1896 τοῦ
1172 1827 1245 1892 νέου
1264 1823 1381 1890 romoni

292 1930 451 2013 βασιλέως
485 1935 592 2018 ἐντελῆ
614 1934 661 2018 ,τὰ
681 1934 886 2020 όπεσχημένα
923 1928 1066 2014 έκότεροι
1096 1930 1333 2015 ἀπειλήφεσαν,
1352 1922 1413 1993 olli
1474 1979 1475 1986 ,

291 2031 350 2114 μὲν
368 2030 422 2098 τόν
442 2035 499 2098 τοῦ
521 2037 683 2122 φρουρίου
715 2037 884 2121 περίβολον
914 2037 959 2109 εἰς
980 2035 1081 2117 μήνιος
1100 2032 1156 2096 καί
1178 2029 1293 2103 πλάτος
1313 2024 1377 2092 ὅσον

162 2135 440 2200 λ.2701ι.πλεϊστον
462 2137 535 2220 ἐξήν
555 2136 721 2221 ηέξήκοτες
743 2137 823 2221 πρός
843 2159 876 2200 τε
900 2135 991 2200 δόσιν
1013 2133 1068 2197 καί
1091 2127 1206 2217 ἄρκτον
1226 2129 1281 2194 καί
1296 2120 1378 2204 ἐόαν,

292 2230 310 2297 ἐ
335 2236 370 2299 δέ
396 2237 541 2322 γαμβρὸς
579 2240 627 2303 ἐπ’
660 2238 784 2324 ἀδελφή
816 2239 862 2323 τρῖ
889 2241 1021 2319 βασιλεῖ
1051 2229 1210 2310 καταστὰς
1236 2230 1292 2296 xus*
1318 2227 1379 2311 ἅμα

293 2334 422 2417 Λέσβον
443 2334 498 2420 τήν
517 2339 613 2421 νῆσον
634 2339 680 2414 εἷς
701 2347 819 2423 προῖκα
842 2335 959 2419 λαβιόν.

225 2449 277 2503 Η
394 2440 533 2502 Τοιαῦτα
555 2438 610 2503 καί
631 2435 712 2504 οὕτω
741 2437 926 2523 πολότροπα
952 2435 1006 2501 διὰ
1035 2435 1145 2520 βιαίας
1174 2432 1311 2518 οἷνόγκας
1331 2431 1414 2497 unilt

289 2538 388 2616 τόχας
414 2535 487 2613 τοὺς
518 2540 742 2624 ταλαιπώρους
772 2541 971 2620 Βυζαντίους
993 2541 1122 2622 ήιιᾶλλον
1148 2539 1176 2600 δ’
1206 2533 1288 2616 ripensi
1305 2532 1379 2596 Ῥω·
1475 2521 1476 2530 ¹

288 2637 408 2720 μαίους
430 2636 570 2717 ἅπαντας
600 2640 834 2727 κατειλήφεσαν
855 2644 896 2704 τοὶ
917 2640 1020 2719 δεινά,
1043 2636 1153 2724 ὥσπερ
1175 2623 1278 2724 πηγῆς
1298 2637 1378 2718 office·
1475 2675 1476 2692 r

289 2973 344 3028 alia
367 2973 417 3028 sibi
438 2983 616 3042 exposcerent
635 2983 662 3027 et
686 2976 863 3046 adiungerent
888 2974 978 3028 alicua
997 2982 1025 3027 et
1043 2989 1124 3042 super
1147 2973 1252 3026 modum
1279 2985 1377 3040 magua.

263 3047 266 3051 ’
289 3061 371 3115 quare
391 3062 470 3115 quum
492 3048 571 3099 etiam
590 3048 696 3110 tertiae,
718 3063 786 3116 quae
805 3046 966 3115 paulopost
986 3053 1077 3098 exorta
1099 3053 1149 3108 est,
1168 3046 1228 3097 dico
1250 3044 1380 3098 (huten-

288 3120 350 3170 seni
370 3118 397 3184 iu
416 3117 605 3188 Palaeologum
623 3119 748 3171 iuvenem
766 3126 876 3185 propter
894 3117 1064 3170 monarchiae
1083 3117 1266 3169 contentiosis
1283 3123 1378 3182 partera

288 3190 425 3254 fecissent,
448 3197 476 3241 ct
495 3190 619 3242 iuvenem
638 3190 766 3241 adiissent
785 3191 830 3257 qui
850 3189 911 3240 exul
931 3191 959 3240 in
978 3188 1090 3240 Tenedo.
1108 3186 1196 3239 insula
1215 3187 1376 3245 morabatur,

288 3269 314 3312 et
332 3261 504 3312 iureiurando
523 3262 574 3313 sibi
595 3261 760 3328 obligassent
786 3269 813 3312 et
831 3259 934 3313 litteras
953 3259 1015 3311 inde
1042 3261 1073 3311 ad
1095 3273 1199 3310 omnem
1218 3257 1379 3310 voluntatem

287 3334 469 3398 accepissent,
497 3331 563 3384 clam
591 3333 762 3398 perfecerunt
792 3345 840 3398 pro
861 3331 956 3399 quibus
986 3332 1110 3382 conducti
1130 3337 1205 3380 erunt
1224 3345 1283 3380 cum
1301 3329 1379 3380 totius

287 3404 367 3455 animi
386 3401 516 3469 obsequio
540 3411 566 3454 et
584 3405 663 3455 armis
684 3411 710 3454 et
729 3403 851 3469 pecuniis
870 3410 911 3454 eat
929 3402 1021 3470 largis.
1041 3402 1088 3453 sed
1106 3415 1160 3452 non
1179 3399 1207 3451 hi
1225 3398 1313 3451 solum
1332 3413 1380 3449 ve-

286 3489 344 3526 rum
373 3474 451 3524 etiam
474 3471 581 3524 Latinus
607 3473 676 3524 alter
702 3489 760 3524 cum
786 3473 842 3524 illis
869 3481 951 3540 geute
977 3481 1004 3524 et
1033 3472 1122 3523 auimo
1140 3471 1318 3534 coniunctus,
1339 3466 1380 3536 qui

223 3553 227 3560 '
287 3557 365 3594 uuam
385 3544 519 3594 triremem
539 3545 648 3596 tenebat
667 3553 694 3596 et
713 3547 793 3597 vitam
812 3545 948 3611 piraticam
963 3542 1076 3595 ducebat
1102 3549 1129 3595 et
1148 3558 1181 3593 ex
1201 3542 1243 3593 iris
1262 3541 1381 3593 cursibus

286 3617 363 3667 dives
386 3615 471 3667 iactus
491 3623 564 3679 erat,
593 3624 713 3682 tempore
738 3617 790 3667 isto
817 3624 966 3682 opportuno
997 3623 1121 3682 tanquam
1140 3613 1263 3666 llercuro
1294 3620 1380 3673 utens,

286 3686 420 3738 similibus
437 3687 662 3754 'promissionibus
683 3689 754 3754 regis
774 3689 887 3738 animum
906 3687 956 3738 sibi
974 3686 1133 3748 consinsit,
1152 3684 1262 3736 Tenedo
1278 3681 1382 3735 insulae

286 3757 437 3824 appellens,
456 3759 526 3810 unde
545 3760 652 3827 utrique
670 3774 686 3809 a
711 3775 777 3826 rege
797 3761 897 3810 iuvene
921 3758 958 3809 ibi
978 3765 1109 3824 reparate
1138 3770 1234 3824 magna
1253 3754 1382 3822 premium

287 3837 456 3895 receperent.
493 3828 535 3881 illi
556 3831 662 3898 quidem
681 3829 786 3881 castelli
806 3829 930 3881 ambitum
950 3831 976 3879 in
1001 3827 1197 3895 longitudinem
1215 3835 1244 3877 et
1262 3823 1384 3877 latitudi-

286 3915 346 3951 nem
361 3899 492 3967 'quantum
519 3901 578 3952 fleri
603 3903 689 3968 potuit
717 3901 892 3952 extenderunt
919 3915 1014 3952 versus
1039 3899 1206 3950 occidentem
1226 3905 1254 3948 et
1271 3904 1385 3962 septen·

286 3971 427 4022 trionalem
450 3979 476 4022 ct
496 3973 641 4023 orientemt
673 3971 716 4023 hic
742 3986 809 4024 vero
831 3972 904 4039 regis
922 3972 1022 4024 sororis
1053 3984 1168 4038 sponsus
1187 3969 1274 4022 iactus
1299 3970 1385 4019 estet

286 4041 399 4097 Lesbum
417 4041 530 4093 insulam
552 4044 665 4110 accepit.

385 4137 466 4190 Tanta
486 4145 581 4189 ettam
601 4140 674 4191 varia
693 4147 802 4206 propter
819 4139 926 4191 nimium
944 4139 1134 4192 necessitatem
1156 4145 1183 4189 et
1201 4135 1339 4190 iortuuam
1357 4133 1383 4183 in

289 4209 439 4262 fortunatos
460 4207 605 4276 Byzantios
624 4225 729 4278 unaque
741 4210 872 4262 Romanos
887 4226 978 4262 omues
997 4211 1152 4263 invaserant
1170 4207 1241 4260 nruls
1259 4215 1386 4275 tanquan

198 4349 201 4354 Ι
290 4295 304 4333 a
324 4281 398 4342 iente
415 4279 521 4337 turbido
541 4288 567 4332 ct
586 4295 685 4346 amaro,
703 4283 844 4350 tyrannide
868 4281 974 4337 scilicet
992 4289 1046 4334 tum
1065 4281 1192 4349 temporis
1213 4277 1386 4348 regnantium
