2880 4910
432 247 448 288 1

193 384 408 458 uisroman
435 319 804 506 ortanumuxax.
825 372 1068 457 tto-119.
1129 370 1202 455 ott
1286 451 1289 460 ,

125 553 157 637 δι’)
179 550 254 618 κατά
276 556 331 618 τοῦ
354 557 502 633 Παλομοῖ
528 556 700 635 τηνικαῦτα
735 551 956 639 ἀπεφήναντο,
987 546 1090 616 άλλων
1122 543 1202 616 όλλα

124 652 348 738 λεγόντων,καί
368 648 471 718 άλλων
494 647 603 730 άλλοις
626 653 864 734 ἁμιλλωμένων,
886 653 940 718 κατ’
962 645 1066 721 άλλων
1089 646 1206 729 άλλους

123 756 285 841 παριόντων
306 761 349 846 τῷ
371 762 433 821 τοόν
465 759 631 839 λοιδοριῶν
654 754 895 840 όπερβάλλοντι.
952 748 1031 839 ἦσαν
1054 758 1083 820 δ’
1103 753 1135 820 oi*
1152 757 1299 818 anim

122 853 264 943 προδότην
286 853 386 922 ου’τόν
408 855 580 922 ἐπεκάλουν
614 854 716 919 atros·
737 859 977 937 βασιλέωςκαό
997 851 1065 920 ὅσοι
1081 861 1124 946 spi
1144 829 1236 936 ,io-f·
1250 829 1341 882 ¹⁵⁵¹·

14 1029 19 1036 ,
103 965 199 1031 toties*
213 959 422 1041 προσήκοντες
445 951 507 1021 εἷεν
537 961 619 1040 γένει
657 959 712 1042 κου’
731 954 829 1044 δόξῃ·
887 961 942 1020 xci
962 955 1004 1030 τός
1025 955 1110 1040 τόγε
1132 949 1208 1041 ἧκον

122 1061 161 1134 εἰς
179 1061 273 1123 αότόν
297 1059 356 1122 οόκ
377 1057 549 1141 α’πόοχετο,
572 1057 630 1142 την
650 1055 823 1143 ἧγημονόιιν
845 1061 899 1144 τῆς
926 1059 1050 1143 γνοόμης
1071 1055 1208 1140 όπὴκοον

122 1155 194 1238 όπαξ
214 1158 312 1242 ἔργων
334 1162 386 1224 καὶ
409 1159 509 1241 λόγων
526 1158 608 1241 όμοό
624 1161 774 1250 ,πονηρῶν
795 1158 977 1242 πεπριιχιός,
998 1160 1042 1242 μη
1063 1157 1104 1220 ου’
1125 1152 1207 1220 πάν-

121 1283 169 1334 τας
187 1261 366 1344 συλλήβδην
386 1264 482 1350 βιαίῳ
505 1261 631 1347 θανάτῳ
664 1262 786 1323 δοόναι.
831 1257 870 1320 οδ
896 1262 957 1342 γάρ
981 1252 1029 1321 ότι
1051 1255 1094 1341 μη
1115 1259 1208 1341 σιδη-

122 1369 184 1442 ραῖς
203 1359 257 1424 καί
275 1357 474 1436 αότός,κατοὶ
499 1360 574 1438 τοός
598 1361 815 1443 α’νδροφόνους
839 1358 997 1443 ε’χρηοατο
1023 1355 1154 1442 λόγχαις
1173 1361 1207 1422 ἐκ

90 1467 172 1528 iocosi
191 1464 391 1547 προφανοῦς,
415 1457 613 1544 όποβεβηκός
634 1485 663 1525 τι
684 1455 719 1524 ἱό
740 1457 840 1544 βάρος
870 1457 954 1542 ἔχειν
975 1457 1049 1546 δόξη
1071 1462 1133 1524 τιόν
1153 1461 1227 1542 ε’γ-ἐ

124 1558 299 1646 κλημάτων,
342 1561 409 1626 ἀλλ’
446 1555 490 1626 ότι
526 1567 636 1646 φιλιάν
665 1559 931 1646 σγημοιτιζόμενος
968 1556 1039 1624 tto»
1073 1561 1208 1642 δολερῶς

124 1665 241 1726 ἑκόνωοε
276 1671 341 1740 τοῖς
366 1665 486 1738 άδόλως
520 1668 649 1748 φιλοόοι
680 1659 735 1728 τόν
758 1667 812 1728 τοό
833 1665 1025 1748 δηλητηρίου
1054 1663 1208 1744 κρατῆρα,

124 1765 187 1844 πρόν
207 1769 261 1848 τῆς
284 1767 452 1850 ἐπιβουλῆς
481 1767 656 1830 αἰσθέσθαι
686 1761 758 1840 τοός
779 1764 969 1847 πάσχοντας.
1024 1765 1078 1826 κατ’
1100 1759 1208 1842 οἱμὲν

123 1865 195 1946 γάνει
217 1867 271 1930 κατ’
293 1865 369 1953 δόξη
393 1866 584 1948 προάγοντες
606 1861 719 1949 άνδρες
751 1869 865 1930 ε’κεῖνοι
888 1860 971 1930 οότω
991 1867 1211 1949 προσηνέχθη-

89 1986 173 2040 itum
194 1972 234 2055 τῷ
254 1967 362 2054 μιαρῷ
385 1969 541 2053 Παλαμρῖ,
563 1967 618 2032 aur*
638 1966 757 2042 ταότας
787 1965 892 2055 ε’κεόνρι
915 1966 973 2041 τάς
995 1970 1111 2048 κράσεις
1128 1967 1209 2030 άπέ-

120 2092 218 2133 τιοαν·
261 2062 277 2129 ό
302 2065 501 2147 δὲβαοιλεός
526 2071 579 2131 καί
600 2068 697 2142 οιότός
711 2071 782 2155 σιγῇ
797 2071 859 2130 τοῖν
880 2068 957 2131 κατά
982 2071 1041 2129 τοό
1062 2069 1304 2147 ΠολομοῖΙΙθ

122 2168 264 2233 τοιοότων
287 2170 453 2250 λοιδοριοόν
477 2169 628 2252 ου’τήκοος
650 2171 792 2251 γεγονιός,
816 2169 870 2232 καί
887 2171 1058 2249 βουληθείς
1073 2170 1209 2248 μάντεως

120 2268 172 2353 τήν
191 2272 245 2354 τῆς
267 2269 454 2351 ἐκδικήσεως
485 2273 734 2351 προστεταχέναι
760 2267 886 2332 κόλασιν
909 2275 973 2332 κατ’
998 2271 1113 2350 estut,
1134 2291 1211 2352 φει-

122 2369 251 2454 σάμενος
281 2374 307 2434 δ’
339 2361 396 2433 οόν
429 2370 480 2435 διά
505 2367 563 2454 τήν
593 2367 735 2454 ἔμφυτον
764 2372 952 2448 ἐπιείκειαν,
977 2372 1055 2443 τέως
1077 2371 1136 2449 μὲν
1154 2366 1211 2451 την

85 2473 179 2535 λθάιιό
201 2467 342 2556 γλιόττης
379 2473 432 2536 καό
458 2476 519 2537 τοόν
542 2469 642 2556 ἔργων
670 2467 842 2555 ὑπερέθετο
874 2475 1008 2556 ψῆφον,
1030 2469 1158 2550 όπέμενε
1181 2472 1210 2534 δ’

119 2567 171 2637 οόν
192 2570 279 2654 ὅμως
300 2572 563 2655 όβριοπαθοόντα
587 2570 671 2657 όροόν
692 2575 748 2638 καί
767 2573 945 2656 α’χθόμενον
962 2578 1136 2653 notarim,
1157 2577 1212 2638 καί

121 2668 189 2740 οότε
212 2672 284 2750 τοός
307 2675 531 2754 λοιδοροῦντας
555 2676 705 2740 α’νὲκοπτε
726 2678 779 2758 τῆς
796 2675 907 2758 ὁρμῆς,
927 2672 980 2738 καί
995 2669 1061 2754 άμιι
1080 2670 1116 2736 τό
1136 2682 1211 2756 χαϊ-

119 2797 171 2858 ρον
192 2775 350 2861 όπδφαινε
383 2777 437 2858 τῆς
467 2770 584 2839 ἑαυτοῦ
608 2776 896 2866 ψυχῆςάμυδροῖς
925 2777 991 2840 τιοό
1009 2775 1211 2856 μειδιάμαοι,

120 2879 171 2943 καιι
192 2878 416 2966 διεκαρτέρησε
438 2878 540 2959 μέχρι
559 2880 675 2940 πολλοό
693 2875 776 2952 τινός
795 2877 913 2960 χρόνου
929 2875 1088 2940 διοικοόων
1111 2875 1211 2957 ἡδέως

122 3172 188 3240 apud
207 3186 299 3239 regem
318 3170 527 3234 adolescentem,
549 3186 617 3240 quae
637 3178 730 3222 contra
749 3170 881 3224 Paiamsm
902 3179 956 3224 tum
975 3170 1125 3238 aperirent:
1151 3187 1210 3223 cum

120 3243 164 3295 alii
183 3241 238 3294 alia
257 3243 378 3294 dicerent
396 3250 424 3308 ot
439 3243 487 3294 aiii
507 3241 567 3294 aliis
586 3241 783 3295 aemularentur
802 3251 829 3295 et
847 3243 895 3296 aiii
913 3242 982 3294 aiios
1002 3244 1133 3294 conviciis
1153 3257 1211 3293 ma.

120 3314 218 3366 ioribus
237 3321 405 3386 spperarent.
444 3321 517 3365 erant
538 3321 641 3378 autem,
661 3316 705 3382 qui
726 3330 784 3365 eum
807 3316 884 3366 etiam
904 3315 1066 3382 proditorem
1084 3313 1208 3381 appoiia.

121 3393 179 3437 rent
204 3393 231 3436 et
256 3386 328 3453 regis
356 3385 439 3450 ipsius
469 3393 496 3435 et
521 3387 650 3450 omnium,
677 3387 722 3453 qni
746 3387 804 3453 regi
829 3387 923 3440 aiiines
949 3392 1039 3437 essent
1066 3400 1165 3454 genere
1186 3391 1212 3435 et

120 3456 222 3525 gloria:
245 3464 271 3507 et
289 3456 364 3523 quasi
385 3455 435 3505 hoo
454 3456 485 3506 ad
506 3472 536 3507 se
555 3457 704 3523 pertineret
727 3470 780 3507 non
800 3458 938 3521 abstinuit,
958 3473 1015 3508 cnm
1035 3457 1211 3523 principatum

120 3527 269 3580 sententiae
290 3525 373 3578 semel
391 3525 551 3578 subiecisset
570 3528 647 3579 iactis
677 3535 703 3578 ct
721 3531 886 3581 sermonibus
906 3536 1011 3595 pravis,
1031 3529 1096 3594 quin
1119 3541 1212 3578 omnes

123 3600 149 3651 in
166 3601 321 3650 universum
340 3596 477 3649 uiolentae
495 3601 573 3651 morti
601 3600 692 3651 daret:
718 3614 807 3666 neque
827 3602 895 3651 cuim
914 3601 983 3668 quod
1002 3598 1098 3666 gladiis
1118 3597 1212 3650 ferreis

120 3672 222 3737 etipse
247 3667 402 3720 sicariorum
422 3670 499 3720 modo
530 3679 622 3737 aperte
651 3685 704 3722 non
729 3686 791 3721 usus
818 3679 907 3736 esset,
933 3671 1070 3724 videretur
1087 3684 1210 3720 summum

119 3741 330 3793 criminationum
351 3741 508 3806 gravitatem
528 3743 599 3808 pati:
620 3742 667 3793 sed
686 3742 755 3810 quod
769 3742 910 3793 amicitiam
930 3741 1057 3793 simulans
1078 3741 1136 3792 sine
1156 3739 1212 3792 ullo

119 3811 180 3863 dolo
202 3827 260 3862 eum
284 3812 431 3870 amantibus
459 3820 542 3863 totum
567 3811 661 3864 dolose
687 3811 826 3864 'effudisset
850 3814 949 3864 veneni
975 3820 1103 3863 craterem
1123 3813 1213 3878 prius.

120 3898 195 3951 quam
217 3882 262 3950 qui
283 3896 314 3933 co
333 3883 505 3934 aiiicerentur
526 3885 635 3936 insidias
655 3884 918 3936 animadvertissent:
937 3891 1016 3950 atque
1036 3882 1076 3934 iiii
1097 3883 1213 3950 quidem,

120 3955 163 4021 qui
183 3967 286 4021 genere
305 3961 331 4004 et
369 3953 437 4005 ioria
456 3962 636 4020 praestarent,
665 3955 702 4005 ita
720 3955 821 4006 invecti
841 3963 901 4006 sunt
925 3957 952 4006 in
972 3954 1102 4005 Paiamam
1121 3952 1213 4006 socie-

120 4032 197 4088 stum,
219 4021 305 4074 ethis
320 3969 429 4088 jufficiis
450 4041 507 4074 eum
529 4016 578 4076 uiti
598 4033 668 4076 suut.
705 4040 752 4076 rex
781 4034 867 4077 autom
898 4028 941 4093 qui
973 4033 1000 4076 et
1027 4026 1085 4091 ipse
1104 4023 1213 4076 silentio

119 4095 246 4145 convicia
269 4093 332 4145 talia
352 4103 444 4146 contra
469 4095 597 4146 Priamum
618 4097 687 4146 dicta
707 4097 853 4149 audivisset
874 4105 1002 4152 etcontra
1018 4111 1075 4146 oum
1096 4096 1214 4162 castiga-

119 4166 217 4215 tionem
240 4179 346 4230 poenae
366 4167 496 4231 imperare
516 4165 658 4230 voluisset,
676 4173 763 4218 tumen
784 4176 893 4235 propter
911 4170 1025 4219 innatam
1047 4165 1215 4216 clementiam

44 4237 49 4260 ⁸
124 4250 236 4302 parcere
258 4235 282 4284 ei
304 4234 399 4298 voluit,
421 4245 447 4286 et
468 4237 594 4287 iudicium
613 4245 723 4304 propter
734 4254 871 4290 sermones
891 4247 918 4290 et
936 4240 1006 4290 iacta
1023 4237 1098 4288 iilius
1117 4235 1215 4286 editum

92 4361 95 4366 ,
122 4302 286 4372 prolatavit:
308 4313 388 4374 atque
407 4305 456 4358 hac
478 4308 505 4358 in
524 4309 657 4361 sententia
677 4313 830 4376 permansit,
849 4323 1004 4378 quamquem
1022 4321 1105 4376 aegre
1123 4307 1215 4360 iereo-
