<?xml version="1.0" encoding="UTF-8"?>
<!DOCTYPE html PUBLIC "-//W3C//DTD XHTML 1.0 Transitional//EN"
    "http://www.w3.org/TR/xhtml1/DTD/xhtml1-transitional.dtd">
<html xmlns="http://www.w3.org/1999/xhtml" xml:lang="en" lang="en">
 <head>
  <title>
</title>
<meta http-equiv="Content-Type" content="text/html;charset=utf-8" />
  <meta name='ocr-system' content='tesseract 3.04.00' />
  <meta name='ocr-capabilities' content='ocr_page ocr_carea ocr_par ocr_line ocrx_word'/>
</head>
<body>
  <div class='ocr_page' id='page_1' title='image "./nicephorigregor07schogoog_0294.png"; bbox 0 0 2910 4896; ppageno 0'>
   <div class='ocr_carea' id='block_1_1' title="bbox 227 330 1161 420">
    <p class='ocr_par' dir='ltr' id='par_1_1' title="bbox 227 330 1161 420">
     <span class='ocr_line' id='line_1_1' title="bbox 227 330 1161 420; baseline -0.001 0"><span class='ocrx_word' id='word_1_1' title='bbox 227 347 449 420; x_wconf 78' lang='lat' dir='ltr'>armoumu</span> <span class='ocrx_word' id='word_1_2' title='bbox 471 349 729 420; x_wconf 73' lang='lat' dir='ltr'>amorium</span> <span class='ocrx_word' id='word_1_3' title='bbox 756 351 849 419; x_wconf 84' lang='lat' dir='ltr'>xxx.</span> <span class='ocrx_word' id='word_1_4' title='bbox 873 333 912 419; x_wconf 80' lang='lat'><strong><em>8.</em></strong></span> <span class='ocrx_word' id='word_1_5' title='bbox 944 330 983 420; x_wconf 74' lang='grc' dir='ltr'><strong><em>λ.</em></strong></span> <span class='ocrx_word' id='word_1_6' title='bbox 1088 343 1161 419; x_wconf 76' lang='lat'><strong><em>269</em></strong></span> 
     </span>
    </p>
   </div>
   <div class='ocr_carea' id='block_1_2' title="bbox 56 507 1292 2719">
    <p class='ocr_par' dir='ltr' id='par_1_2' title="bbox 56 507 1292 2719">
     <span class='ocr_line' id='line_1_2' title="bbox 87 507 1199 599; baseline 0 -21"><span class='ocrx_word' id='word_1_7' title='bbox 87 519 129 599; x_wconf 72' lang='grc' dir='ltr'><strong><em>τῆς</em></strong></span> <span class='ocrx_word' id='word_1_8' title='bbox 149 510 229 597; x_wconf 81' lang='grc' dir='ltr'><strong><em>άρας</em></strong></span> <span class='ocrx_word' id='word_1_9' title='bbox 244 512 384 595; x_wconf 80' lang='grc' dir='ltr'><strong><em>βίαιον.”</em></strong></span> <span class='ocrx_word' id='word_1_10' title='bbox 421 512 437 576; x_wconf 82' lang='lat' dir='ltr'>d</span> <span class='ocrx_word' id='word_1_11' title='bbox 459 515 493 578; x_wconf 82' lang='grc' dir='ltr'><strong><em>δὲ</em></strong></span> <span class='ocrx_word' id='word_1_12' title='bbox 509 516 538 580; x_wconf 92' lang='grc' dir='ltr'><strong><em>Γ</em></strong></span> <span class='ocrx_word' id='word_1_13' title='bbox 536 517 672 599; x_wconf 81' lang='grc' dir='ltr'><strong><em>ρηγοράς</em></strong></span> <span class='ocrx_word' id='word_1_14' title='bbox 694 511 864 594; x_wconf 74' lang='grc' dir='ltr'><strong><em>ὖπολοβιδν</em></strong></span> <span class='ocrx_word' id='word_1_15' title='bbox 892 510 991 598; x_wconf 84' lang='grc' dir='ltr'><strong><em>φησίν</em></strong></span> <span class='ocrx_word' id='word_1_16' title='bbox 1012 507 1078 590; x_wconf 78' lang='grc' dir='ltr'><strong><em>“ι“άς</em></strong></span> <span class='ocrx_word' id='word_1_17' title='bbox 1100 510 1199 596; x_wconf 65' lang='grc' dir='ltr'><strong><em>ε’γοδι</em></strong></span> 
     </span>
     <span class='ocr_line' id='line_1_3' title="bbox 87 611 1163 702; baseline -0.002 -22"><span class='ocrx_word' id='word_1_18' title='bbox 87 621 109 680; x_wconf 83' lang='grc' dir='ltr'><strong><em>δ’</em></strong></span> <span class='ocrx_word' id='word_1_19' title='bbox 127 619 158 681; x_wconf 78' lang='grc' dir='ltr'><strong><em>ἐκ</em></strong></span> <span class='ocrx_word' id='word_1_20' title='bbox 177 617 292 679; x_wconf 76' lang='grc' dir='ltr'><strong><em>πολλοῦ</em></strong></span> <span class='ocrx_word' id='word_1_21' title='bbox 316 611 355 678; x_wconf 89' lang='grc' dir='ltr'><strong><em>τά</em></strong></span> <span class='ocrx_word' id='word_1_22' title='bbox 376 618 431 700; x_wconf 78' lang='grc' dir='ltr'><strong><em>τῆς</em></strong></span> <span class='ocrx_word' id='word_1_23' title='bbox 457 620 621 698; x_wconf 87' lang='grc' dir='ltr'><strong><em>θεολογιάς</em></strong></span> <span class='ocrx_word' id='word_1_24' title='bbox 640 615 804 698; x_wconf 81' lang='grc' dir='ltr'><strong><em>μυστήρια</em></strong></span> <span class='ocrx_word' id='word_1_25' title='bbox 825 618 934 701; x_wconf 75' lang='grc' dir='ltr'><strong><em>φέρειν</em></strong></span> <span class='ocrx_word' id='word_1_26' title='bbox 957 614 1010 679; x_wconf 88' lang='grc' dir='ltr'><strong><em>διά</em></strong></span> <span class='ocrx_word' id='word_1_27' title='bbox 1030 620 1163 702; x_wconf 76' lang='grc' dir='ltr'><strong><em>χειλέων</em></strong></span> 
     </span>
     <span class='ocr_line' id='line_1_4' title="bbox 87 713 1164 803; baseline -0.003 -22"><span class='ocrx_word' id='word_1_28' title='bbox 87 721 119 781; x_wconf 84' lang='grc' dir='ltr'><strong><em>ου’</em></strong></span> <span class='ocrx_word' id='word_1_29' title='bbox 134 713 216 798; x_wconf 86' lang='grc' dir='ltr'><strong><em>μάλα</em></strong></span> <span class='ocrx_word' id='word_1_30' title='bbox 239 719 362 798; x_wconf 76' lang='grc' dir='ltr'><strong><em>τολμῶν</em></strong></span> <span class='ocrx_word' id='word_1_31' title='bbox 381 714 462 781; x_wconf 84' lang='grc' dir='ltr'><strong><em>α’λλά</em></strong></span> <span class='ocrx_word' id='word_1_32' title='bbox 479 721 620 803; x_wconf 75' lang='grc' dir='ltr'><em>φρίττων</em></span> <span class='ocrx_word' id='word_1_33' title='bbox 640 720 693 780; x_wconf 90' lang='grc' dir='ltr'><strong><em>καί</em></strong></span> <span class='ocrx_word' id='word_1_34' title='bbox 714 716 811 799; x_wconf 75' lang='grc' dir='ltr'><strong><em>α’κσην</em></strong></span> <span class='ocrx_word' id='word_1_35' title='bbox 831 715 886 780; x_wconf 84' lang='grc' dir='ltr'><strong><em>καί</em></strong></span> <span class='ocrx_word' id='word_1_36' title='bbox 905 717 1059 797; x_wconf 89' lang='grc' dir='ltr'><strong><em>διάνοιαν,</em></strong></span> <span class='ocrx_word' id='word_1_37' title='bbox 1084 715 1164 779; x_wconf 87' lang='grc' dir='ltr'><strong><em>α’πε-</em></strong></span> 
     </span>
     <span class='ocr_line' id='line_1_5' title="bbox 86 811 1167 904; baseline -0.001 -23"><span class='ocrx_word' id='word_1_38' title='bbox 86 819 178 904; x_wconf 69' lang='grc' dir='ltr'><strong><em>πάδων</em></strong></span> <span class='ocrx_word' id='word_1_39' title='bbox 198 817 297 890; x_wconf 74' lang='grc' dir='ltr'><strong><em>εὐθὺς</em></strong></span> <span class='ocrx_word' id='word_1_40' title='bbox 325 817 369 894; x_wconf 67' lang='grc' dir='ltr'><strong><em>οἷς</em></strong></span> <span class='ocrx_word' id='word_1_41' title='bbox 396 815 458 880; x_wconf 82' lang='grc' dir='ltr'><strong><em>α’πό</em></strong></span> <span class='ocrx_word' id='word_1_42' title='bbox 489 816 597 900; x_wconf 85' lang='grc' dir='ltr'><strong><em>πυράς.</em></strong></span> <span class='ocrx_word' id='word_1_43' title='bbox 652 811 730 882; x_wconf 76' lang='grc' dir='ltr'><strong><em>ὅπου</em></strong></span> <span class='ocrx_word' id='word_1_44' title='bbox 765 816 827 900; x_wconf 87' lang='grc' dir='ltr'><strong><em>γάρ</em></strong></span> <span class='ocrx_word' id='word_1_45' title='bbox 856 825 921 891; x_wconf 78' lang='grc' dir='ltr'><strong><em>ταῖς</em></strong></span> <span class='ocrx_word' id='word_1_46' title='bbox 940 817 1087 899; x_wconf 86' lang='grc' dir='ltr'><strong><em>μεγάλοις</em></strong></span> <span class='ocrx_word' id='word_1_47' title='bbox 1111 819 1167 880; x_wconf 87' lang='grc' dir='ltr'><strong><em>καί</em></strong></span> 
     </span>
     <span class='ocr_line' id='line_1_6' title="bbox 66 915 1166 1006; baseline -0.002 -24"><span class='ocrx_word' id='word_1_48' title='bbox 66 918 197 1006; x_wconf 74' lang='grc' dir='ltr'><strong><em>λσράδρα</em></strong></span> <span class='ocrx_word' id='word_1_49' title='bbox 219 925 331 1001; x_wconf 80' lang='grc' dir='ltr'><em>σοφοῖς</em></span> <span class='ocrx_word' id='word_1_50' title='bbox 367 915 571 991; x_wconf 78' lang='grc' dir='ltr'><strong><em>διδασκάλοις</em></strong></span> <span class='ocrx_word' id='word_1_51' title='bbox 594 920 712 1002; x_wconf 84' lang='grc' dir='ltr'><strong><em>ἐκείνης</em></strong></span> <span class='ocrx_word' id='word_1_52' title='bbox 736 920 791 999; x_wconf 77' lang='grc' dir='ltr'><strong><em>τῆς</em></strong></span> <span class='ocrx_word' id='word_1_53' title='bbox 822 920 988 1000; x_wconf 80' lang='grc' dir='ltr'><strong><em>ἐκκλησίας</em></strong></span> <span class='ocrx_word' id='word_1_54' title='bbox 1017 917 1166 981; x_wconf 81' lang='grc' dir='ltr'><strong><em>α’ποσείε-</em></strong></span> 
     </span>
     <span class='ocr_line' id='line_1_7' title="bbox 84 1009 1166 1102; baseline 0.002 -22"><span class='ocrx_word' id='word_1_55' title='bbox 84 1023 152 1082; x_wconf 89' lang='grc' dir='ltr'><strong><em>σθαι</em></strong></span> <span class='ocrx_word' id='word_1_56' title='bbox 171 1016 226 1100; x_wconf 75' lang='grc' dir='ltr'><strong><em>τήν</em></strong></span> <span class='ocrx_word' id='word_1_57' title='bbox 250 1021 430 1101; x_wconf 81' lang='grc' dir='ltr'><strong><em>ε’γχείρησιν</em></strong></span> <span class='ocrx_word' id='word_1_58' title='bbox 452 1016 632 1101; x_wconf 75' lang='grc' dir='ltr'><strong><em>ὁλοσχερῶς</em></strong></span> <span class='ocrx_word' id='word_1_59' title='bbox 646 1022 840 1102; x_wconf 78' lang='grc' dir='ltr'><strong><em>συνέβαινεν,</em></strong></span> <span class='ocrx_word' id='word_1_60' title='bbox 862 1009 955 1101; x_wconf 75' lang='grc' dir='ltr'><strong><em>ἦπου</em></strong></span> <span class='ocrx_word' id='word_1_61' title='bbox 980 1019 1081 1098; x_wconf 88' lang='grc' dir='ltr'><strong><em>μανία</em></strong></span> <span class='ocrx_word' id='word_1_62' title='bbox 1102 1043 1166 1083; x_wconf 87' lang='grc' dir='ltr'><strong><em>σα-</em></strong></span> 
     </span>
     <span class='ocr_line' id='line_1_8' title="bbox 85 1112 1165 1202; baseline 0.001 -22"><span class='ocrx_word' id='word_1_63' title='bbox 85 1117 136 1202; x_wconf 74' lang='grc' dir='ltr'><strong><em>ρης</em></strong></span> <span class='ocrx_word' id='word_1_64' title='bbox 156 1117 234 1201; x_wconf 75' lang='grc' dir='ltr'><strong><em>ἡμᾶς</em></strong></span> <span class='ocrx_word' id='word_1_65' title='bbox 256 1120 413 1200; x_wconf 77' lang='grc' dir='ltr'><strong><em>ἐγχειρεῖν</em></strong></span> <span class='ocrx_word' id='word_1_66' title='bbox 432 1127 496 1194; x_wconf 84' lang='grc' dir='ltr'><strong><em>τοῖς</em></strong></span> <span class='ocrx_word' id='word_1_67' title='bbox 517 1119 681 1199; x_wconf 70' lang='grc' dir='ltr'><strong><em>τοιούτοις,</em></strong></span> <span class='ocrx_word' id='word_1_68' title='bbox 702 1120 781 1202; x_wconf 80' lang='grc' dir='ltr'><strong><em>μηδὲ</em></strong></span> <span class='ocrx_word' id='word_1_69' title='bbox 804 1116 903 1201; x_wconf 88' lang='grc' dir='ltr'><strong><em>μικρά</em></strong></span> <span class='ocrx_word' id='word_1_70' title='bbox 923 1121 1000 1200; x_wconf 76' lang='grc' dir='ltr'><strong><em>γοῦν</em></strong></span> <span class='ocrx_word' id='word_1_71' title='bbox 1025 1120 1088 1183; x_wconf 71' lang='grc' dir='ltr'><strong><em>τῶν</em></strong></span> <span class='ocrx_word' id='word_1_72' title='bbox 1104 1112 1165 1182; x_wconf 76' lang='grc' dir='ltr'><strong><em>ὅσα</em></strong></span> 
     </span>
     <span class='ocr_line' id='line_1_9' title="bbox 84 1216 1166 1304; baseline 0 -22"><span class='ocrx_word' id='word_1_73' title='bbox 84 1216 184 1283; x_wconf 79' lang='grc' dir='ltr'><strong><em>ἐκεῖνον</em></strong></span> <span class='ocrx_word' id='word_1_74' title='bbox 205 1223 323 1299; x_wconf 80' lang='grc' dir='ltr'><strong><em>μαθεῖν</em></strong></span> <span class='ocrx_word' id='word_1_75' title='bbox 344 1245 394 1282; x_wconf 92' lang='grc' dir='ltr'><strong><em>πω</em></strong></span> <span class='ocrx_word' id='word_1_76' title='bbox 423 1222 663 1304; x_wconf 85' lang='grc' dir='ltr'><strong><em>δεδυνημένους.</em></strong></span> <span class='ocrx_word' id='word_1_77' title='bbox 723 1221 776 1284; x_wconf 87' lang='grc' dir='ltr'><strong><em>καί</em></strong></span> <span class='ocrx_word' id='word_1_78' title='bbox 798 1222 850 1283; x_wconf 83' lang='grc' dir='ltr'><strong><em>ἳνα</em></strong></span> <span class='ocrx_word' id='word_1_79' title='bbox 880 1217 915 1282; x_wconf 82' lang='grc' dir='ltr'><strong><em>τὸ</em></strong></span> <span class='ocrx_word' id='word_1_80' title='bbox 938 1223 1007 1282; x_wconf 88' lang='grc' dir='ltr'><strong><em>κατ’</em></strong></span> <span class='ocrx_word' id='word_1_81' title='bbox 1026 1219 1166 1302; x_wconf 75' lang='grc' dir='ltr'><strong><em>ε’μαυτδν</em></strong></span> 
     </span>
     <span class='ocr_line' id='line_1_10' title="bbox 85 1315 1166 1404; baseline 0 -24"><span class='ocrx_word' id='word_1_82' title='bbox 85 1317 236 1399; x_wconf 77' lang='grc' dir='ltr'><strong><em>αἰλλλσβών</em></strong></span> <span class='ocrx_word' id='word_1_83' title='bbox 259 1317 460 1404; x_wconf 74' lang='grc' dir='ltr'><strong><em>διηγήσωμαι</em></strong></span> <span class='ocrx_word' id='word_1_84' title='bbox 482 1319 687 1402; x_wconf 78' lang='grc' dir='ltr'><strong><em>τελεώτερον,</em></strong></span> <span class='ocrx_word' id='word_1_85' title='bbox 715 1316 798 1393; x_wconf 78' lang='grc' dir='ltr'><strong><em>ὅπως</em></strong></span> <span class='ocrx_word' id='word_1_86' title='bbox 829 1316 949 1402; x_wconf 68' lang='grc' dir='ltr'><strong><em>δηλαδὴ</em></strong></span> <span class='ocrx_word' id='word_1_87' title='bbox 972 1317 1070 1397; x_wconf 86' lang='grc' dir='ltr'><strong><em>κάμσί</em></strong></span> <span class='ocrx_word' id='word_1_88' title='bbox 1089 1315 1166 1400; x_wconf 80' lang='grc' dir='ltr'><strong><em>πρὸς</em></strong></span> 
     </span>
     <span class='ocr_line' id='line_1_11' title="bbox 56 1415 1165 1505; baseline 0.001 -26"><span class='ocrx_word' id='word_1_89' title='bbox 56 1415 131 1501; x_wconf 70' lang='lat' dir='ltr'>rozir</span> <span class='ocrx_word' id='word_1_90' title='bbox 157 1418 304 1503; x_wconf 73' lang='grc' dir='ltr'><strong><em>τοιαύτην</em></strong></span> <span class='ocrx_word' id='word_1_91' title='bbox 338 1424 370 1499; x_wconf 84' lang='grc' dir='ltr'><strong><em>ε”ξ</em></strong></span> <span class='ocrx_word' id='word_1_92' title='bbox 406 1419 509 1503; x_wconf 74' lang='grc' dir='ltr'><strong><em>ἀρχῆς</em></strong></span> <span class='ocrx_word' id='word_1_93' title='bbox 532 1416 686 1486; x_wconf 83' lang='grc' dir='ltr'><strong><em>άαάθεσιν</em></strong></span> <span class='ocrx_word' id='word_1_94' title='bbox 715 1422 902 1505; x_wconf 74' lang='grc' dir='ltr'><strong><em>διατεθῆναι</em></strong></span> <span class='ocrx_word' id='word_1_95' title='bbox 930 1421 1165 1499; x_wconf 85' lang='grc' dir='ltr'><strong><em>συμπέπτωκεν,</em></strong></span> 
     </span>
     <span class='ocr_line' id='line_1_12' title="bbox 85 1517 1167 1606; baseline 0 -23"><span class='ocrx_word' id='word_1_96' title='bbox 85 1523 142 1585; x_wconf 83' lang='grc' dir='ltr'><strong><em>ε’σεί</em></strong></span> <span class='ocrx_word' id='word_1_97' title='bbox 159 1519 237 1602; x_wconf 88' lang='grc' dir='ltr'><strong><em>μετά</em></strong></span> <span class='ocrx_word' id='word_1_98' title='bbox 260 1519 311 1586; x_wconf 84' lang='grc' dir='ltr'><strong><em>τὸν</em></strong></span> <span class='ocrx_word' id='word_1_99' title='bbox 331 1523 387 1586; x_wconf 78' lang='grc' dir='ltr'><strong><em>τοῦ</em></strong></span> <span class='ocrx_word' id='word_1_100' title='bbox 410 1518 579 1586; x_wconf 76' lang='grc' dir='ltr'><strong><em>θειοτάτου</em></strong></span> <span class='ocrx_word' id='word_1_101' title='bbox 609 1527 663 1588; x_wconf 82' lang='grc' dir='ltr'><strong><em>καί</em></strong></span> <span class='ocrx_word' id='word_1_102' title='bbox 684 1527 863 1606; x_wconf 86' lang='grc' dir='ltr'><strong><em>μακαρίτου</em></strong></span> <span class='ocrx_word' id='word_1_103' title='bbox 886 1520 1003 1604; x_wconf 87' lang='grc' dir='ltr'><strong><em>πατρός</em></strong></span> <span class='ocrx_word' id='word_1_104' title='bbox 1023 1543 1081 1584; x_wconf 91' lang='grc' dir='ltr'><strong><em>σου</em></strong></span> <span class='ocrx_word' id='word_1_105' title='bbox 1102 1517 1167 1583; x_wconf 85' lang='grc' dir='ltr'><strong><em>θά-</em></strong></span> 
     </span>
     <span class='ocr_line' id='line_1_13' title="bbox 85 1617 1292 1707; baseline 0.005 -23"><span class='ocrx_word' id='word_1_106' title='bbox 85 1645 175 1704; x_wconf 89' lang='grc' dir='ltr'><strong><em>νατον,</em></strong></span> <span class='ocrx_word' id='word_1_107' title='bbox 197 1625 255 1686; x_wconf 66' lang='lat' dir='ltr'>ror?</span> <span class='ocrx_word' id='word_1_108' title='bbox 288 1623 437 1703; x_wconf 85' lang='grc' dir='ltr'><strong><em>σίσιδίμου</em></strong></span> <span class='ocrx_word' id='word_1_109' title='bbox 461 1627 546 1707; x_wconf 83' lang='grc' dir='ltr'><strong><em>φημί</em></strong></span> <span class='ocrx_word' id='word_1_110' title='bbox 564 1627 721 1705; x_wconf 79' lang='grc' dir='ltr'><strong><em>βασιλέως</em></strong></span> <span class='ocrx_word' id='word_1_111' title='bbox 745 1626 865 1688; x_wconf 78' lang='grc' dir='ltr'><strong><em>ἐκείνου</em></strong></span> <span class='ocrx_word' id='word_1_112' title='bbox 877 1672 886 1703; x_wconf 88' lang='grc'><strong><em>,</em></strong></span> <span class='ocrx_word' id='word_1_113' title='bbox 908 1618 987 1702; x_wconf 79' lang='grc' dir='ltr'><strong><em>πρὸς</em></strong></span> <span class='ocrx_word' id='word_1_114' title='bbox 1009 1617 1196 1707; x_wconf 77' lang='grc' dir='ltr'><strong><em>ἐμφάλιονί.</em></strong></span> <span class='ocrx_word' id='word_1_115' title='bbox 1209 1633 1292 1690; x_wconf 76' lang='lat' dir='ltr'>star.</span> 
     </span>
     <span class='ocr_line' id='line_1_14' title="bbox 85 1717 1166 1808; baseline 0.001 -23"><span class='ocrx_word' id='word_1_116' title='bbox 85 1719 181 1786; x_wconf 86' lang='grc' dir='ltr'><strong><em>στάσιν</em></strong></span> <span class='ocrx_word' id='word_1_117' title='bbox 205 1722 242 1788; x_wconf 87' lang='grc' dir='ltr'><strong><em>τά</em></strong></span> <span class='ocrx_word' id='word_1_118' title='bbox 264 1722 433 1804; x_wconf 87' lang='grc' dir='ltr'><strong><em>Ῥωμαίων</em></strong></span> <span class='ocrx_word' id='word_1_119' title='bbox 463 1726 583 1808; x_wconf 81' lang='grc' dir='ltr'><strong><em>η’γέρθη</em></strong></span> <span class='ocrx_word' id='word_1_120' title='bbox 614 1724 784 1808; x_wconf 88' lang='grc' dir='ltr'><strong><em>πράγματα</em></strong></span> <span class='ocrx_word' id='word_1_121' title='bbox 814 1723 869 1789; x_wconf 84' lang='grc' dir='ltr'><strong><em>καί</em></strong></span> <span class='ocrx_word' id='word_1_122' title='bbox 899 1717 967 1804; x_wconf 75' lang='grc' dir='ltr'><strong><em>ἅμα</em></strong></span> <span class='ocrx_word' id='word_1_123' title='bbox 997 1718 1077 1786; x_wconf 84' lang='grc' dir='ltr'><strong><em>κατά</em></strong></span> <span class='ocrx_word' id='word_1_124' title='bbox 1103 1725 1166 1787; x_wconf 76' lang='grc' dir='ltr'><strong><em>τῶν</em></strong></span> 
     </span>
     <span class='ocr_line' id='line_1_15' title="bbox 84 1823 1166 1909; baseline 0.003 -24"><span class='ocrx_word' id='word_1_125' title='bbox 84 1826 168 1888; x_wconf 88' lang='grc' dir='ltr'><strong><em>θείων</em></strong></span> <span class='ocrx_word' id='word_1_126' title='bbox 180 1827 234 1907; x_wconf 80' lang='grc' dir='ltr'><strong><em>τῆς</em></strong></span> <span class='ocrx_word' id='word_1_127' title='bbox 252 1823 417 1907; x_wconf 80' lang='grc' dir='ltr'><strong><em>ἐκκλησίας</em></strong></span> <span class='ocrx_word' id='word_1_128' title='bbox 439 1824 602 1907; x_wconf 79' lang='grc' dir='ltr'><strong><em>δογμάτων</em></strong></span> <span class='ocrx_word' id='word_1_129' title='bbox 617 1824 656 1889; x_wconf 89' lang='grc' dir='ltr'><strong><em>τά</em></strong></span> <span class='ocrx_word' id='word_1_130' title='bbox 681 1829 828 1909; x_wconf 88' lang='grc' dir='ltr'><strong><em>χείριστα</em></strong></span> <span class='ocrx_word' id='word_1_131' title='bbox 844 1823 924 1908; x_wconf 77' lang='grc' dir='ltr'><strong><em>πρὸς</em></strong></span> <span class='ocrx_word' id='word_1_132' title='bbox 940 1829 1050 1888; x_wconf 85' lang='grc' dir='ltr'><strong><em>κακίαν</em></strong></span> <span class='ocrx_word' id='word_1_133' title='bbox 1071 1825 1166 1908; x_wconf 84' lang='grc' dir='ltr'><strong><em>άνίρ-</em></strong></span> 
     </span>
     <span class='ocr_line' id='line_1_16' title="bbox 56 1922 1168 2010; baseline 0.001 -24"><span class='ocrx_word' id='word_1_134' title='bbox 56 1939 155 2005; x_wconf 71' lang='grc' dir='ltr'><strong><em>ιορωγε</em></strong></span> <span class='ocrx_word' id='word_1_135' title='bbox 175 1926 306 2007; x_wconf 78' lang='grc' dir='ltr'><strong><em>κύματα,</em></strong></span> <span class='ocrx_word' id='word_1_136' title='bbox 330 1925 386 1989; x_wconf 87' lang='grc' dir='ltr'><strong><em>καί</em></strong></span> <span class='ocrx_word' id='word_1_137' title='bbox 404 1922 509 2010; x_wconf 73' lang='grc' dir='ltr'><strong><em>ὥσπερ</em></strong></span> <span class='ocrx_word' id='word_1_138' title='bbox 535 1927 567 1989; x_wconf 81' lang='grc' dir='ltr'><strong><em>ἐν</em></strong></span> <span class='ocrx_word' id='word_1_139' title='bbox 586 1928 725 2009; x_wconf 74' lang='grc' dir='ltr'><strong><em>χειμῶνι</em></strong></span> <span class='ocrx_word' id='word_1_140' title='bbox 747 1927 803 1989; x_wconf 84' lang='grc' dir='ltr'><strong><em>καί</em></strong></span> <span class='ocrx_word' id='word_1_141' title='bbox 822 1926 912 1989; x_wconf 87' lang='grc' dir='ltr'><strong><em>νυκτί</em></strong></span> <span class='ocrx_word' id='word_1_142' title='bbox 923 1923 962 1990; x_wconf 79' lang='grc' dir='ltr'><strong><em>τά</em></strong></span> <span class='ocrx_word' id='word_1_143' title='bbox 986 1926 1087 1989; x_wconf 85' lang='grc' dir='ltr'><strong><em>πάντα</em></strong></span> <span class='ocrx_word' id='word_1_144' title='bbox 1113 1922 1168 2002; x_wconf 84' lang='grc' dir='ltr'><strong><em>ζό-</em></strong></span> 
     </span>
     <span class='ocr_line' id='line_1_17' title="bbox 85 2017 1167 2114; baseline -0.001 -26"><span class='ocrx_word' id='word_1_145' title='bbox 85 2047 135 2107; x_wconf 83' lang='grc' dir='ltr'><strong><em>φος</em></strong></span> <span class='ocrx_word' id='word_1_146' title='bbox 153 2017 197 2109; x_wconf 79' lang='grc' dir='ltr'><strong><em>ἦν,</em></strong></span> <span class='ocrx_word' id='word_1_147' title='bbox 218 2022 261 2101; x_wconf 73' lang='grc' dir='ltr'><strong><em>ὥς</em></strong></span> <span class='ocrx_word' id='word_1_148' title='bbox 277 2031 359 2112; x_wconf 85' lang='grc' dir='ltr'><strong><em>μηδὲ</em></strong></span> <span class='ocrx_word' id='word_1_149' title='bbox 383 2023 521 2112; x_wconf 74' lang='grc' dir='ltr'><strong><em>οἴστροις,</em></strong></span> <span class='ocrx_word' id='word_1_150' title='bbox 539 2027 573 2091; x_wconf 69' lang='lat' dir='ltr'>ro*</span> <span class='ocrx_word' id='word_1_151' title='bbox 600 2023 848 2110; x_wconf 81' lang='grc' dir='ltr'><strong><em>θρυλλοάμενσν,</em></strong></span> <span class='ocrx_word' id='word_1_152' title='bbox 874 2021 946 2090; x_wconf 79' lang='grc' dir='ltr'><strong><em>ὅποι</em></strong></span> <span class='ocrx_word' id='word_1_153' title='bbox 970 2021 1099 2114; x_wconf 78' lang='grc' dir='ltr'><strong><em>φίρσιτὸ</em></strong></span> <span class='ocrx_word' id='word_1_154' title='bbox 1119 2048 1167 2099; x_wconf 90' lang='grc' dir='ltr'><strong><em>τις</em></strong></span> 
     </span>
     <span class='ocr_line' id='line_1_18' title="bbox 86 2120 1167 2212; baseline 0 -24"><span class='ocrx_word' id='word_1_155' title='bbox 86 2125 232 2192; x_wconf 74' lang='grc' dir='ltr'><strong><em>δύνασθαι</em></strong></span> <span class='ocrx_word' id='word_1_156' title='bbox 251 2131 506 2212; x_wconf 84' lang='grc' dir='ltr'><strong><em>τεκμαίρεσθαι,</em></strong></span> <span class='ocrx_word' id='word_1_157' title='bbox 537 2128 592 2192; x_wconf 85' lang='grc' dir='ltr'><strong><em>καί</em></strong></span> <span class='ocrx_word' id='word_1_158' title='bbox 620 2129 707 2192; x_wconf 88' lang='grc' dir='ltr'><strong><em>πάντ’</em></strong></span> <span class='ocrx_word' id='word_1_159' title='bbox 738 2120 805 2191; x_wconf 85' lang='grc' dir='ltr'><strong><em>άνω</em></strong></span> <span class='ocrx_word' id='word_1_160' title='bbox 827 2132 881 2190; x_wconf 86' lang='grc' dir='ltr'><strong><em>καί</em></strong></span> <span class='ocrx_word' id='word_1_161' title='bbox 901 2124 985 2192; x_wconf 90' lang='grc' dir='ltr'><strong><em>κάτω</em></strong></span> <span class='ocrx_word' id='word_1_162' title='bbox 1005 2127 1167 2208; x_wconf 87' lang='grc' dir='ltr'><strong><em>μεταπίπ-</em></strong></span> 
     </span>
     <span class='ocr_line' id='line_1_19' title="bbox 85 2221 1163 2311; baseline 0.001 -24"><span class='ocrx_word' id='word_1_163' title='bbox 85 2249 164 2290; x_wconf 85' lang='grc' dir='ltr'><strong><em>ταντα</em></strong></span> <span class='ocrx_word' id='word_1_164' title='bbox 190 2225 276 2310; x_wconf 88' lang='grc' dir='ltr'><strong><em>παρά</em></strong></span> <span class='ocrx_word' id='word_1_165' title='bbox 307 2221 454 2294; x_wconf 78' lang='grc' dir='ltr'><strong><em>τοσοῦτον</em></strong></span> <span class='ocrx_word' id='word_1_166' title='bbox 487 2234 520 2294; x_wconf 79' lang='grc' dir='ltr'><strong><em>ἐκ</em></strong></span> <span class='ocrx_word' id='word_1_167' title='bbox 544 2235 600 2295; x_wconf 85' lang='grc' dir='ltr'><strong><em>τσῦ</em></strong></span> <span class='ocrx_word' id='word_1_168' title='bbox 632 2228 782 2311; x_wconf 75' lang='grc' dir='ltr'><strong><em>σύνεγγυς·</em></strong></span> <span class='ocrx_word' id='word_1_169' title='bbox 810 2229 908 2292; x_wconf 80' lang='grc' dir='ltr'><strong><em>ε’τίθει</em></strong></span> <span class='ocrx_word' id='word_1_170' title='bbox 928 2251 961 2292; x_wconf 82' lang='grc' dir='ltr'><strong><em>τε</em></strong></span> <span class='ocrx_word' id='word_1_171' title='bbox 990 2226 1044 2291; x_wconf 83' lang='grc' dir='ltr'><strong><em>καί</em></strong></span> <span class='ocrx_word' id='word_1_172' title='bbox 1073 2225 1163 2307; x_wconf 83' lang='grc' dir='ltr'><strong><em>μάλα</em></strong></span> 
     </span>
     <span class='ocr_line' id='line_1_20' title="bbox 85 2322 1164 2410; baseline 0.002 -23"><span class='ocrx_word' id='word_1_173' title='bbox 85 2331 135 2389; x_wconf 80' lang='grc' dir='ltr'><strong><em>τάν</em></strong></span> <span class='ocrx_word' id='word_1_174' title='bbox 153 2330 362 2410; x_wconf 71' lang='grc' dir='ltr'><strong><em>ἐλπιζομένων</em></strong></span> <span class='ocrx_word' id='word_1_175' title='bbox 389 2323 534 2406; x_wconf 72' lang='grc' dir='ltr'><strong><em>ἑκάστοις</em></strong></span> <span class='ocrx_word' id='word_1_176' title='bbox 562 2330 661 2396; x_wconf 80' lang='grc' dir='ltr'><strong><em>ἐποίει</em></strong></span> <span class='ocrx_word' id='word_1_177' title='bbox 693 2331 726 2393; x_wconf 87' lang='grc' dir='ltr'><strong><em>τδ</em></strong></span> <span class='ocrx_word' id='word_1_178' title='bbox 759 2331 954 2394; x_wconf 82' lang='grc' dir='ltr'><strong><em>ἐπικίνδυνον</em></strong></span> <span class='ocrx_word' id='word_1_179' title='bbox 985 2327 1060 2410; x_wconf 82' lang='grc' dir='ltr'><strong><em>παρ’</em></strong></span> <span class='ocrx_word' id='word_1_180' title='bbox 1091 2322 1164 2390; x_wconf 80' lang='grc' dir='ltr'><strong><em>ὅσον</em></strong></span> 
     </span>
     <span class='ocr_line' id='line_1_21' title="bbox 56 2425 1166 2517; baseline 0 -29"><span class='ocrx_word' id='word_1_181' title='bbox 56 2427 181 2511; x_wconf 76' lang='grc' dir='ltr'><strong><em>λθπόρρω</em></strong></span> <span class='ocrx_word' id='word_1_182' title='bbox 203 2434 258 2493; x_wconf 85' lang='grc' dir='ltr'><strong><em>καί</em></strong></span> <span class='ocrx_word' id='word_1_183' title='bbox 279 2428 411 2494; x_wconf 78' lang='grc' dir='ltr'><strong><em>δύσελπι</em></strong></span> <span class='ocrx_word' id='word_1_184' title='bbox 434 2434 596 2517; x_wconf 74' lang='grc' dir='ltr'><strong><em>τάσφαλές</em></strong></span> <span class='ocrx_word' id='word_1_185' title='bbox 622 2433 671 2516; x_wconf 78' lang='grc' dir='ltr'><strong><em>(ἐν</em></strong></span> <span class='ocrx_word' id='word_1_186' title='bbox 691 2431 752 2514; x_wconf 86' lang='grc' dir='ltr'><strong><em>γάρ</em></strong></span> <span class='ocrx_word' id='word_1_187' title='bbox 776 2432 963 2516; x_wconf 76' lang='grc' dir='ltr'><strong><em>διχοστασίῃ</em></strong></span> <span class='ocrx_word' id='word_1_188' title='bbox 993 2432 1091 2515; x_wconf 82' lang='grc' dir='ltr'><strong><em>φησίν</em></strong></span> <span class='ocrx_word' id='word_1_189' title='bbox 1112 2425 1166 2490; x_wconf 86' lang='grc' dir='ltr'><strong><em>τὸν</em></strong></span> 
     </span>
     <span class='ocr_line' id='line_1_22' title="bbox 85 2526 1167 2616; baseline 0.002 -28"><span class='ocrx_word' id='word_1_190' title='bbox 85 2527 133 2604; x_wconf 78' lang='grc' dir='ltr'><strong><em>μὲν</em></strong></span> <span class='ocrx_word' id='word_1_191' title='bbox 150 2530 309 2612; x_wconf 86' lang='grc' dir='ltr'><strong><em>πάγκακον</em></strong></span> <span class='ocrx_word' id='word_1_192' title='bbox 331 2526 501 2616; x_wconf 71' lang='grc' dir='ltr'><strong><em>τυγχάνειν</em></strong></span> <span class='ocrx_word' id='word_1_193' title='bbox 521 2537 635 2616; x_wconf 77' lang='grc' dir='ltr'><strong><em>τιμῆς,</em></strong></span> <span class='ocrx_word' id='word_1_194' title='bbox 668 2530 721 2599; x_wconf 83' lang='grc' dir='ltr'><strong><em>τὸν</em></strong></span> <span class='ocrx_word' id='word_1_195' title='bbox 755 2535 789 2596; x_wconf 82' lang='grc' dir='ltr'><strong><em>δὲ</em></strong></span> <span class='ocrx_word' id='word_1_196' title='bbox 812 2530 867 2596; x_wconf 84' lang='grc' dir='ltr'><strong><em>καί</em></strong></span> <span class='ocrx_word' id='word_1_197' title='bbox 898 2531 1047 2594; x_wconf 80' lang='grc' dir='ltr'><strong><em>δαωσσῦν</em></strong></span> <span class='ocrx_word' id='word_1_198' title='bbox 1070 2531 1167 2609; x_wconf 83' lang='grc' dir='ltr'><strong><em>μετέ-</em></strong></span> 
     </span>
     <span class='ocr_line' id='line_1_23' title="bbox 86 2627 1168 2719; baseline 0.003 -30"><span class='ocrx_word' id='word_1_199' title='bbox 86 2650 170 2706; x_wconf 89' lang='grc' dir='ltr'><strong><em>χοντα</em></strong></span> <span class='ocrx_word' id='word_1_200' title='bbox 190 2634 247 2695; x_wconf 79' lang='grc' dir='ltr'><strong><em>τοῦ</em></strong></span> <span class='ocrx_word' id='word_1_201' title='bbox 266 2637 426 2715; x_wconf 79' lang='grc' dir='ltr'><strong><em>βελτίονος</em></strong></span> <span class='ocrx_word' id='word_1_202' title='bbox 440 2632 567 2719; x_wconf 80' lang='grc' dir='ltr'><strong><em>θρηνων</em></strong></span> <span class='ocrx_word' id='word_1_203' title='bbox 586 2631 722 2717; x_wconf 78' lang='grc' dir='ltr'><strong><em>πάσχειν</em></strong></span> <span class='ocrx_word' id='word_1_204' title='bbox 744 2627 817 2710; x_wconf 82' lang='grc' dir='ltr'><strong><em>άξια</em></strong></span> <span class='ocrx_word' id='word_1_205' title='bbox 837 2633 892 2696; x_wconf 84' lang='grc' dir='ltr'><strong><em>καί</em></strong></span> <span class='ocrx_word' id='word_1_206' title='bbox 909 2634 1062 2716; x_wconf 76' lang='grc' dir='ltr'><strong><em>τραγικῶν</em></strong></span> <span class='ocrx_word' id='word_1_207' title='bbox 1085 2631 1168 2694; x_wconf 85' lang='grc' dir='ltr'><strong><em>α’πο-</em></strong></span> 
     </span>
    </p>
   </div>
   <div class='ocr_carea' id='block_1_3' title="bbox 87 2723 1167 2924">
    <p class='ocr_par' dir='ltr' id='par_1_3' title="bbox 87 2723 1167 2924">
     <span class='ocr_line' id='line_1_24' title="bbox 88 2723 1167 2819; baseline 0.006 -31"><span class='ocrx_word' id='word_1_208' title='bbox 88 2728 184 2796; x_wconf 85' lang='grc' dir='ltr'><strong><em>λαάειν</em></strong></span> <span class='ocrx_word' id='word_1_209' title='bbox 202 2736 264 2798; x_wconf 77' lang='grc' dir='ltr'><strong><em>ταῖν</em></strong></span> <span class='ocrx_word' id='word_1_210' title='bbox 287 2737 501 2819; x_wconf 78' lang='grc' dir='ltr'><strong><em>συμφορῶν),</em></strong></span> <span class='ocrx_word' id='word_1_211' title='bbox 536 2735 599 2798; x_wconf 76' lang='grc' dir='ltr'><strong><em>τῶν</em></strong></span> <span class='ocrx_word' id='word_1_212' title='bbox 621 2738 796 2818; x_wconf 88' lang='grc' dir='ltr'><strong><em>κρατίστων</em></strong></span> <span class='ocrx_word' id='word_1_213' title='bbox 827 2726 913 2797; x_wconf 77' lang='grc' dir='ltr'><strong><em>εἷναί</em></strong></span> <span class='ocrx_word' id='word_1_214' title='bbox 929 2754 985 2812; x_wconf 87' lang='grc' dir='ltr'><strong><em>μοι</em></strong></span> <span class='ocrx_word' id='word_1_215' title='bbox 1006 2729 1062 2796; x_wconf 87' lang='grc' dir='ltr'><strong><em>τόν</em></strong></span> <span class='ocrx_word' id='word_1_216' title='bbox 1083 2723 1167 2813; x_wconf 81' lang='grc' dir='ltr'><strong><em>ἦσά-</em></strong></span> 
     </span>
     <span class='ocr_line' id='line_1_25' title="bbox 87 2827 1166 2924; baseline 0.006 -33"><span class='ocrx_word' id='word_1_217' title='bbox 87 2851 148 2908; x_wconf 90' lang='grc' dir='ltr'><strong><em>χιον</em></strong></span> <span class='ocrx_word' id='word_1_218' title='bbox 166 2829 266 2913; x_wconf 78' lang='grc' dir='ltr'><strong><em>ἔδοξεν</em></strong></span> <span class='ocrx_word' id='word_1_219' title='bbox 286 2837 356 2918; x_wconf 77' lang='grc' dir='ltr'><strong><em>βίον</em></strong></span> <span class='ocrx_word' id='word_1_220' title='bbox 377 2827 528 2919; x_wconf 76' lang='grc' dir='ltr'><strong><em>ἑλέσθαι,</em></strong></span> <span class='ocrx_word' id='word_1_221' title='bbox 552 2838 615 2902; x_wconf 71' lang='grc' dir='ltr'><strong><em>τοῖν</em></strong></span> <span class='ocrx_word' id='word_1_222' title='bbox 639 2837 812 2917; x_wconf 78' lang='grc' dir='ltr'><strong><em>βασιλικῶν</em></strong></span> <span class='ocrx_word' id='word_1_223' title='bbox 840 2834 990 2924; x_wconf 75' lang='grc' dir='ltr'><strong><em>ἀφεμένη</em></strong></span> <span class='ocrx_word' id='word_1_224' title='bbox 1013 2830 1166 2917; x_wconf 63' lang='grc' dir='ltr'><strong><em>θεάτρων,</em></strong></span> 
     </span>
    </p>
   </div>
   <div class='ocr_carea' id='block_1_4' title="bbox 91 3117 1262 4340">
    <p class='ocr_par' dir='ltr' id='par_1_4' title="bbox 91 3117 1262 3548">
     <span class='ocr_line' id='line_1_26' title="bbox 91 3117 1167 3192; baseline 0.007 -27"><span class='ocrx_word' id='word_1_225' title='bbox 91 3117 185 3185; x_wconf 85' lang='lat' dir='ltr'>omitto,</span> <span class='ocrx_word' id='word_1_226' title='bbox 210 3134 269 3174; x_wconf 90' lang='lat' dir='ltr'><strong><em>eum</em></strong></span> <span class='ocrx_word' id='word_1_227' title='bbox 295 3126 431 3192; x_wconf 72' lang='lat' dir='ltr'><strong>angustias</strong></span> <span class='ocrx_word' id='word_1_228' title='bbox 462 3128 588 3192; x_wconf 89' lang='lat' dir='ltr'>temporis</span> <span class='ocrx_word' id='word_1_229' title='bbox 607 3126 693 3178; x_wconf 83' lang='lat' dir='ltr'>vitare</span> <span class='ocrx_word' id='word_1_230' title='bbox 713 3139 767 3176; x_wconf 90' lang='lat' dir='ltr'><strong><em>non</em></strong></span> <span class='ocrx_word' id='word_1_231' title='bbox 786 3125 895 3192; x_wconf 89' lang='lat' dir='ltr'>possim.</span> <span class='ocrx_word' id='word_1_232' title='bbox 941 3122 1073 3192; x_wconf 86' lang='lat' dir='ltr'>Gregoras</span> <span class='ocrx_word' id='word_1_233' title='bbox 1092 3123 1167 3175; x_wconf 73' lang='lat' dir='ltr'>reie-</span> 
     </span>
     <span class='ocr_line' id='line_1_27' title="bbox 91 3194 1262 3266; baseline 0.009 -30"><span class='ocrx_word' id='word_1_234' title='bbox 91 3201 158 3266; x_wconf 72' lang='lat' dir='ltr'>reus:</span> <span class='ocrx_word' id='word_1_235' title='bbox 179 3194 315 3260; x_wconf 83' lang='lat' dir='ltr'>equidem,</span> <span class='ocrx_word' id='word_1_236' title='bbox 341 3197 446 3262; x_wconf 91' lang='lat' dir='ltr'>inquit,</span> <span class='ocrx_word' id='word_1_237' title='bbox 473 3213 531 3248; x_wconf 90' lang='lat' dir='ltr'><strong><em>cum</em></strong></span> <span class='ocrx_word' id='word_1_238' title='bbox 560 3213 593 3248; x_wconf 86' lang='lat' dir='ltr'><strong><em>ex</em></strong></span> <span class='ocrx_word' id='word_1_239' title='bbox 617 3196 699 3266; x_wconf 84' lang='lat' dir='ltr'>longo</span> <span class='ocrx_word' id='word_1_240' title='bbox 720 3206 840 3263; x_wconf 90' lang='lat' dir='ltr'>tempore</span> <span class='ocrx_word' id='word_1_241' title='bbox 864 3194 1021 3262; x_wconf 74' lang='lat' dir='ltr'><strong>theologiae</strong></span> <span class='ocrx_word' id='word_1_242' title='bbox 1040 3196 1169 3262; x_wconf 78' lang='lat' dir='ltr'>mysteria</span> <span class='ocrx_word' id='word_1_243' title='bbox 1260 3221 1262 3226; x_wconf 96' lang='lat'>·</span> 
     </span>
     <span class='ocr_line' id='line_1_28' title="bbox 92 3263 1240 3332; baseline 0.008 -23"><span class='ocrx_word' id='word_1_244' title='bbox 92 3271 115 3308; x_wconf 83' lang='lat' dir='ltr'><strong><em>tu</em></strong></span> <span class='ocrx_word' id='word_1_245' title='bbox 132 3275 172 3314; x_wconf 90' lang='lat' dir='ltr'><strong><em>ore</em></strong></span> <span class='ocrx_word' id='word_1_246' title='bbox 191 3263 291 3317; x_wconf 88' lang='lat' dir='ltr'>habere</span> <span class='ocrx_word' id='word_1_247' title='bbox 318 3282 373 3318; x_wconf 91' lang='lat' dir='ltr'><strong><em>non</em></strong></span> <span class='ocrx_word' id='word_1_248' title='bbox 391 3267 470 3319; x_wconf 83' lang='lat' dir='ltr'>valde</span> <span class='ocrx_word' id='word_1_249' title='bbox 489 3269 630 3332; x_wconf 79' lang='lat' dir='ltr'>auderem,</span> <span class='ocrx_word' id='word_1_250' title='bbox 657 3269 813 3321; x_wconf 83' lang='lat' dir='ltr'>acdeorum</span> <span class='ocrx_word' id='word_1_251' title='bbox 835 3275 861 3318; x_wconf 90' lang='lat' dir='ltr'><strong><em>et</em></strong></span> <span class='ocrx_word' id='word_1_252' title='bbox 885 3268 978 3318; x_wconf 88' lang='lat' dir='ltr'>iarnaru</span> <span class='ocrx_word' id='word_1_253' title='bbox 998 3275 1024 3318; x_wconf 91' lang='lat' dir='ltr'><strong><em>et</em></strong></span> <span class='ocrx_word' id='word_1_254' title='bbox 1042 3267 1169 3318; x_wconf 88' lang='lat' dir='ltr'>iudicium</span> <span class='ocrx_word' id='word_1_255' title='bbox 1238 3269 1240 3272; x_wconf 81' lang='grc'><strong>’</strong></span> 
     </span>
     <span class='ocr_line' id='line_1_29' title="bbox 94 3327 1169 3408; baseline 0.007 -27"><span class='ocrx_word' id='word_1_256' title='bbox 94 3327 227 3401; x_wconf 79' lang='lat' dir='ltr'>horrerem,</span> <span class='ocrx_word' id='word_1_257' title='bbox 254 3338 341 3389; x_wconf 86' lang='lat' dir='ltr'>statim</span> <span class='ocrx_word' id='word_1_258' title='bbox 366 3346 488 3405; x_wconf 88' lang='lat' dir='ltr'>tanquam</span> <span class='ocrx_word' id='word_1_259' title='bbox 519 3340 551 3391; x_wconf 90' lang='lat' dir='ltr'>ab</span> <span class='ocrx_word' id='word_1_260' title='bbox 574 3341 638 3408; x_wconf 83' lang='lat' dir='ltr'>igne</span> <span class='ocrx_word' id='word_1_261' title='bbox 657 3357 699 3391; x_wconf 90' lang='lat' dir='ltr'><strong><em>me</em></strong></span> <span class='ocrx_word' id='word_1_262' title='bbox 724 3338 837 3390; x_wconf 87' lang='lat' dir='ltr'>removi.</span> <span class='ocrx_word' id='word_1_263' title='bbox 874 3355 933 3390; x_wconf 87' lang='lat' dir='ltr'>uam</span> <span class='ocrx_word' id='word_1_264' title='bbox 952 3338 997 3390; x_wconf 90' lang='lat' dir='ltr'><strong><em>ubi</em></strong></span> <span class='ocrx_word' id='word_1_265' title='bbox 1018 3339 1119 3406; x_wconf 85' lang='lat' dir='ltr'>maguis</span> <span class='ocrx_word' id='word_1_266' title='bbox 1143 3346 1169 3389; x_wconf 86' lang='lat' dir='ltr'><strong><em>et</em></strong></span> 
     </span>
     <span class='ocr_line' id='line_1_30' title="bbox 93 3402 1168 3476; baseline 0.011 -28"><span class='ocrx_word' id='word_1_267' title='bbox 93 3402 159 3454; x_wconf 85' lang='lat' dir='ltr'>ralde</span> <span class='ocrx_word' id='word_1_268' title='bbox 175 3408 258 3460; x_wconf 85' lang='lat' dir='ltr'>doctis</span> <span class='ocrx_word' id='word_1_269' title='bbox 273 3411 493 3476; x_wconf 80' lang='lat' dir='ltr'>praeceptoribus</span> <span class='ocrx_word' id='word_1_270' title='bbox 507 3411 580 3462; x_wconf 88' lang='lat' dir='ltr'>illius</span> <span class='ocrx_word' id='word_1_271' title='bbox 600 3411 732 3464; x_wconf 86' lang='lat' dir='ltr'>ecclesiae</span> <span class='ocrx_word' id='word_1_272' title='bbox 751 3412 1004 3462; x_wconf 76' lang='lat' dir='ltr'>administrationem</span> <span class='ocrx_word' id='word_1_273' title='bbox 1018 3419 1047 3461; x_wconf 94' lang='lat' dir='ltr'><strong><em>ut</em></strong></span> <span class='ocrx_word' id='word_1_274' title='bbox 1061 3412 1168 3462; x_wconf 87' lang='lat' dir='ltr'>omnino</span> 
     </span>
     <span class='ocr_line' id='line_1_31' title="bbox 95 3481 1168 3548; baseline 0.007 -26"><span class='ocrx_word' id='word_1_275' title='bbox 95 3483 233 3530; x_wconf 83' lang='lat' dir='ltr'>excuterent</span> <span class='ocrx_word' id='word_1_276' title='bbox 252 3481 358 3544; x_wconf 89' lang='lat' dir='ltr'>accidit,</span> <span class='ocrx_word' id='word_1_277' title='bbox 378 3497 467 3533; x_wconf 88' lang='lat' dir='ltr'>nonne</span> <span class='ocrx_word' id='word_1_278' title='bbox 487 3491 579 3548; x_wconf 90' lang='lat' dir='ltr'>aperte</span> <span class='ocrx_word' id='word_1_279' title='bbox 605 3484 780 3535; x_wconf 88' lang='lat' dir='ltr'>insaniremus</span> <span class='ocrx_word' id='word_1_280' title='bbox 806 3484 828 3534; x_wconf 88' lang='lat' dir='ltr'><strong><em>si</em></strong></span> <span class='ocrx_word' id='word_1_281' title='bbox 856 3483 921 3534; x_wconf 89' lang='lat' dir='ltr'>talia</span> <span class='ocrx_word' id='word_1_282' title='bbox 947 3490 1061 3534; x_wconf 88' lang='lat' dir='ltr'>tractare</span> <span class='ocrx_word' id='word_1_283' title='bbox 1078 3481 1168 3534; x_wconf 84' lang='lat' dir='ltr'>velle.</span> 
     </span>
    </p>

    <p class='ocr_par' dir='ltr' id='par_1_5' title="bbox 94 3553 1169 3622">
     <span class='ocr_line' id='line_1_32' title="bbox 94 3553 1169 3622; baseline 0.007 -27"><span class='ocrx_word' id='word_1_284' title='bbox 94 3556 150 3608; x_wconf 81' lang='lat' dir='ltr'>tuus,</span> <span class='ocrx_word' id='word_1_285' title='bbox 168 3565 223 3601; x_wconf 88' lang='lat' dir='ltr'>cunr</span> <span class='ocrx_word' id='word_1_286' title='bbox 242 3567 277 3603; x_wconf 91' lang='lat' dir='ltr'><strong><em>ue</em></strong></span> <span class='ocrx_word' id='word_1_287' title='bbox 296 3567 381 3617; x_wconf 85' lang='lat' dir='ltr'>pauco</span> <span class='ocrx_word' id='word_1_288' title='bbox 401 3554 505 3620; x_wconf 83' lang='lat' dir='ltr'>quidem</span> <span class='ocrx_word' id='word_1_289' title='bbox 525 3570 616 3606; x_wconf 86' lang='lat' dir='ltr'>eorum</span> <span class='ocrx_word' id='word_1_290' title='bbox 636 3571 704 3622; x_wconf 86' lang='lat' dir='ltr'>quae</span> <span class='ocrx_word' id='word_1_291' title='bbox 723 3553 765 3605; x_wconf 89' lang='lat' dir='ltr'>illi</span> <span class='ocrx_word' id='word_1_292' title='bbox 785 3555 889 3605; x_wconf 83' lang='lat' dir='ltr'>discere</span> <span class='ocrx_word' id='word_1_293' title='bbox 905 3556 1078 3620; x_wconf 88' lang='lat' dir='ltr'>potuerimus.</span> <span class='ocrx_word' id='word_1_294' title='bbox 1126 3560 1169 3604; x_wconf 88' lang='lat' dir='ltr'>at.</span> 
     </span>
    </p>

    <p class='ocr_par' dir='ltr' id='par_1_6' title="bbox 95 3624 1169 3836">
     <span class='ocr_line' id='line_1_33' title="bbox 95 3624 1169 3693; baseline -0.003 -15"><span class='ocrx_word' id='word_1_295' title='bbox 95 3627 138 3678; x_wconf 69' lang='lat' dir='ltr'><strong><em>que</em></strong></span> <span class='ocrx_word' id='word_1_296' title='bbox 152 3627 178 3670; x_wconf 89' lang='lat' dir='ltr'><strong><em>ut</em></strong></span> <span class='ocrx_word' id='word_1_297' title='bbox 193 3624 246 3674; x_wconf 90' lang='lat' dir='ltr'><strong><em>mei</em></strong></span> <span class='ocrx_word' id='word_1_298' title='bbox 263 3625 368 3675; x_wconf 84' lang='lat' dir='ltr'>ratione</span> <span class='ocrx_word' id='word_1_299' title='bbox 398 3625 485 3677; x_wconf 85' lang='lat' dir='ltr'>hahita</span> <span class='ocrx_word' id='word_1_300' title='bbox 504 3626 610 3692; x_wconf 85' lang='lat' dir='ltr'>planius</span> <span class='ocrx_word' id='word_1_301' title='bbox 632 3641 778 3693; x_wconf 87' lang='lat' dir='ltr'>exponam,</span> <span class='ocrx_word' id='word_1_302' title='bbox 800 3641 852 3693; x_wconf 89' lang='lat' dir='ltr'><strong><em>quo</em></strong></span> <span class='ocrx_word' id='word_1_303' title='bbox 872 3627 958 3676; x_wconf 85' lang='lat' dir='ltr'>auimo</span> <span class='ocrx_word' id='word_1_304' title='bbox 979 3625 1106 3692; x_wconf 84' lang='lat' dir='ltr'>paulatim</span> <span class='ocrx_word' id='word_1_305' title='bbox 1125 3625 1169 3675; x_wconf 83' lang='lat' dir='ltr'>ai-</span> 
     </span>
     <span class='ocr_line' id='line_1_34' title="bbox 96 3683 1169 3768; baseline 0.003 -28"><span class='ocrx_word' id='word_1_306' title='bbox 96 3683 167 3768; x_wconf 60' lang='lat' dir='ltr'>fectus</span> <span class='ocrx_word' id='word_1_307' title='bbox 184 3694 232 3746; x_wconf 84' lang='lat' dir='ltr'><strong><em>sim</em></strong></span> <span class='ocrx_word' id='word_1_308' title='bbox 250 3696 277 3746; x_wconf 89' lang='lat' dir='ltr'><strong><em>in</em></strong></span> <span class='ocrx_word' id='word_1_309' title='bbox 297 3695 351 3746; x_wconf 88' lang='lat' dir='ltr'>tale</span> <span class='ocrx_word' id='word_1_310' title='bbox 376 3705 453 3748; x_wconf 88' lang='lat' dir='ltr'>antea</span> <span class='ocrx_word' id='word_1_311' title='bbox 482 3706 639 3764; x_wconf 89' lang='lat' dir='ltr'>conceptum</span> <span class='ocrx_word' id='word_1_312' title='bbox 658 3698 840 3764; x_wconf 89' lang='lat' dir='ltr'>propositum,</span> <span class='ocrx_word' id='word_1_313' title='bbox 870 3712 947 3759; x_wconf 87' lang='lat' dir='ltr'>curn,</span> <span class='ocrx_word' id='word_1_314' title='bbox 973 3705 1077 3748; x_wconf 90' lang='lat' dir='ltr'>mortuo</span> <span class='ocrx_word' id='word_1_315' title='bbox 1096 3696 1169 3747; x_wconf 87' lang='lat' dir='ltr'>divi.</span> 
     </span>
     <span class='ocr_line' id='line_1_35' title="bbox 95 3760 1168 3836; baseline 0.009 -30"><span class='ocrx_word' id='word_1_316' title='bbox 95 3760 188 3813; x_wconf 84' lang='grc' dir='ltr'><strong><em>ιιιεείσισ</em></strong></span> <span class='ocrx_word' id='word_1_317' title='bbox 208 3774 234 3816; x_wconf 90' lang='lat' dir='ltr'><strong><em>et</em></strong></span> <span class='ocrx_word' id='word_1_318' title='bbox 251 3765 329 3817; x_wconf 86' lang='lat' dir='ltr'>heato</span> <span class='ocrx_word' id='word_1_319' title='bbox 347 3777 423 3834; x_wconf 89' lang='lat' dir='ltr'>patre</span> <span class='ocrx_word' id='word_1_320' title='bbox 445 3777 500 3834; x_wconf 88' lang='lat' dir='ltr'>tuo,</span> <span class='ocrx_word' id='word_1_321' title='bbox 520 3769 593 3820; x_wconf 85' lang='lat' dir='ltr'>claro</span> <span class='ocrx_word' id='word_1_322' title='bbox 612 3769 661 3821; x_wconf 83' lang='lat' dir='ltr'>itto</span> <span class='ocrx_word' id='word_1_323' title='bbox 682 3785 757 3836; x_wconf 84' lang='lat' dir='ltr'>rege,</span> <span class='ocrx_word' id='word_1_324' title='bbox 776 3785 819 3819; x_wconf 86' lang='lat' dir='ltr'><strong><em>res</em></strong></span> <span class='ocrx_word' id='word_1_325' title='bbox 840 3771 999 3820; x_wconf 86' lang='lat' dir='ltr'>Graecorum</span> <span class='ocrx_word' id='word_1_326' title='bbox 1020 3769 1047 3818; x_wconf 92' lang='lat' dir='ltr'><strong><em>iu</em></strong></span> <span class='ocrx_word' id='word_1_327' title='bbox 1067 3765 1168 3818; x_wconf 88' lang='lat' dir='ltr'>tumul.</span> 
     </span>
    </p>

    <p class='ocr_par' dir='ltr' id='par_1_7' title="bbox 96 3834 1169 3981">
     <span class='ocr_line' id='line_1_36' title="bbox 96 3834 1168 3893; baseline 0.009 -17"><span class='ocrx_word' id='word_1_328' title='bbox 96 3834 141 3878; x_wconf 89' lang='lat' dir='ltr'><strong><em>tum</em></strong></span> <span class='ocrx_word' id='word_1_329' title='bbox 157 3835 259 3888; x_wconf 84' lang='lat' dir='ltr'>civilem</span> <span class='ocrx_word' id='word_1_330' title='bbox 279 3838 474 3892; x_wconf 80' lang='lat' dir='ltr'>adducerentur</span> <span class='ocrx_word' id='word_1_331' title='bbox 493 3850 520 3892; x_wconf 86' lang='lat' dir='ltr'><strong><em>ct</em></strong></span> <span class='ocrx_word' id='word_1_332' title='bbox 537 3841 632 3893; x_wconf 85' lang='lat' dir='ltr'>fluctus</span> <span class='ocrx_word' id='word_1_333' title='bbox 649 3841 790 3892; x_wconf 85' lang='lat' dir='ltr'>miserrimi</span> <span class='ocrx_word' id='word_1_334' title='bbox 808 3841 835 3890; x_wconf 88' lang='lat' dir='ltr'><strong><em>in</em></strong></span> <span class='ocrx_word' id='word_1_335' title='bbox 854 3841 944 3890; x_wconf 85' lang='lat' dir='ltr'>divina</span> <span class='ocrx_word' id='word_1_336' title='bbox 965 3839 1097 3890; x_wconf 86' lang='lat' dir='ltr'>ecelesiae</span> <span class='ocrx_word' id='word_1_337' title='bbox 1116 3840 1168 3891; x_wconf 91' lang='lat' dir='ltr'><strong><em>do.</em></strong></span> 
     </span>
     <span class='ocr_line' id='line_1_37' title="bbox 97 3909 1169 3981; baseline 0.002 -27"><span class='ocrx_word' id='word_1_338' title='bbox 97 3909 170 3981; x_wconf 70' lang='lat' dir='ltr'>gnttta</span> <span class='ocrx_word' id='word_1_339' title='bbox 185 3919 386 3975; x_wconf 86' lang='lat' dir='ltr'>prorumperent</span> <span class='ocrx_word' id='word_1_340' title='bbox 405 3921 431 3962; x_wconf 90' lang='lat' dir='ltr'><strong><em>et</em></strong></span> <span class='ocrx_word' id='word_1_341' title='bbox 450 3911 525 3964; x_wconf 87' lang='lat' dir='ltr'>relut</span> <span class='ocrx_word' id='word_1_342' title='bbox 543 3921 635 3964; x_wconf 87' lang='lat' dir='ltr'>coorta</span> <span class='ocrx_word' id='word_1_343' title='bbox 657 3919 815 3978; x_wconf 82' lang='lat' dir='ltr'>tempestate</span> <span class='ocrx_word' id='word_1_344' title='bbox 834 3920 861 3962; x_wconf 92' lang='lat' dir='ltr'><strong><em>et</em></strong></span> <span class='ocrx_word' id='word_1_345' title='bbox 886 3918 966 3962; x_wconf 87' lang='lat' dir='ltr'>nocte</span> <span class='ocrx_word' id='word_1_346' title='bbox 984 3913 1070 3962; x_wconf 87' lang='lat' dir='ltr'>omnia</span> <span class='ocrx_word' id='word_1_347' title='bbox 1088 3918 1169 3962; x_wconf 89' lang='lat' dir='ltr'>tene.</span> 
     </span>
    </p>

    <p class='ocr_par' dir='ltr' id='par_1_8' title="bbox 97 3968 1260 4193">
     <span class='ocr_line' id='line_1_38' title="bbox 97 3968 1260 4052; baseline 0.005 -30"><span class='ocrx_word' id='word_1_348' title='bbox 97 3968 144 4050; x_wconf 74' lang='lat' dir='ltr'><strong><em>bns</em></strong></span> <span class='ocrx_word' id='word_1_349' title='bbox 159 3987 244 4030; x_wconf 89' lang='lat' dir='ltr'>essent</span> <span class='ocrx_word' id='word_1_350' title='bbox 261 3981 391 4046; x_wconf 85' lang='lat' dir='ltr'>involuta,</span> <span class='ocrx_word' id='word_1_351' title='bbox 411 3984 448 4034; x_wconf 89' lang='lat' dir='ltr'>ita</span> <span class='ocrx_word' id='word_1_352' title='bbox 467 3991 504 4047; x_wconf 89' lang='lat' dir='ltr'><strong><em>ut,</em></strong></span> <span class='ocrx_word' id='word_1_353' title='bbox 523 3985 594 4052; x_wconf 91' lang='lat' dir='ltr'>quod</span> <span class='ocrx_word' id='word_1_354' title='bbox 613 3984 695 4051; x_wconf 83' lang='lat' dir='ltr'>vulgo</span> <span class='ocrx_word' id='word_1_355' title='bbox 715 3984 806 4034; x_wconf 87' lang='lat' dir='ltr'>dicere</span> <span class='ocrx_word' id='word_1_356' title='bbox 826 3982 933 4045; x_wconf 86' lang='lat' dir='ltr'>solent,</span> <span class='ocrx_word' id='word_1_357' title='bbox 953 3997 1040 4042; x_wconf 76' lang='lat' dir='ltr'>,nemo</span> <span class='ocrx_word' id='word_1_358' title='bbox 1061 3983 1169 4034; x_wconf 82' lang='lat' dir='ltr'>eride.</span> <span class='ocrx_word' id='word_1_359' title='bbox 1258 4005 1260 4013; x_wconf 93' lang='lat'>·</span> 
     </span>
     <span class='ocr_line' id='line_1_39' title="bbox 98 4041 1170 4123; baseline 0.01 -34"><span class='ocrx_word' id='word_1_360' title='bbox 98 4041 159 4094; x_wconf 86' lang='lat' dir='ltr'>rxbur</span> <span class='ocrx_word' id='word_1_361' title='bbox 177 4049 304 4116; x_wconf 77' lang='lat' dir='ltr'>colligere</span> <span class='ocrx_word' id='word_1_362' title='bbox 325 4062 433 4120; x_wconf 90' lang='lat' dir='ltr'>posset,</span> <span class='ocrx_word' id='word_1_363' title='bbox 464 4071 515 4123; x_wconf 88' lang='lat' dir='ltr'><strong><em>quo</em></strong></span> <span class='ocrx_word' id='word_1_364' title='bbox 536 4057 664 4118; x_wconf 79' lang='lat' dir='ltr'>ferretur,</span> <span class='ocrx_word' id='word_1_365' title='bbox 685 4070 796 4122; x_wconf 89' lang='lat' dir='ltr'>cumque</span> <span class='ocrx_word' id='word_1_366' title='bbox 816 4056 903 4105; x_wconf 89' lang='lat' dir='ltr'>onrnia</span> <span class='ocrx_word' id='word_1_367' title='bbox 922 4056 1059 4121; x_wconf 79' lang='lat' dir='ltr'>surgentia</span> <span class='ocrx_word' id='word_1_368' title='bbox 1081 4062 1107 4104; x_wconf 90' lang='lat' dir='ltr'><strong><em>et</em></strong></span> <span class='ocrx_word' id='word_1_369' title='bbox 1122 4069 1170 4105; x_wconf 88' lang='lat' dir='ltr'>ca.</span> 
     </span>
     <span class='ocr_line' id='line_1_40' title="bbox 99 4110 1171 4193; baseline 0.012 -34"><span class='ocrx_word' id='word_1_370' title='bbox 99 4110 175 4167; x_wconf 89' lang='lat' dir='ltr'>dentiu</span> <span class='ocrx_word' id='word_1_371' title='bbox 195 4130 300 4174; x_wconf 86' lang='lat' dir='ltr'>catenus</span> <span class='ocrx_word' id='word_1_372' title='bbox 320 4140 367 4191; x_wconf 91' lang='lat' dir='ltr'>pro</span> <span class='ocrx_word' id='word_1_373' title='bbox 388 4128 576 4178; x_wconf 89' lang='lat' dir='ltr'>coniunctione</span> <span class='ocrx_word' id='word_1_374' title='bbox 596 4128 743 4178; x_wconf 82' lang='lat' dir='ltr'>excitarent</span> <span class='ocrx_word' id='word_1_375' title='bbox 762 4135 788 4178; x_wconf 88' lang='lat' dir='ltr'><strong><em>et</em></strong></span> <span class='ocrx_word' id='word_1_376' title='bbox 806 4128 918 4176; x_wconf 86' lang='lat' dir='ltr'>maxime</span> <span class='ocrx_word' id='word_1_377' title='bbox 939 4140 980 4189; x_wconf 93' lang='lat' dir='ltr'><strong><em>ea,</em></strong></span> <span class='ocrx_word' id='word_1_378' title='bbox 1007 4140 1075 4193; x_wconf 88' lang='lat' dir='ltr'>quae</span> <span class='ocrx_word' id='word_1_379' title='bbox 1094 4125 1171 4192; x_wconf 89' lang='lat' dir='ltr'>quis.</span> 
     </span>
    </p>

    <p class='ocr_par' dir='ltr' id='par_1_9' title="bbox 100 4195 1172 4340">
     <span class='ocr_line' id='line_1_41' title="bbox 100 4195 1172 4264; baseline 0.008 -25"><span class='ocrx_word' id='word_1_380' title='bbox 100 4195 144 4247; x_wconf 69' lang='lat' dir='ltr'>que</span> <span class='ocrx_word' id='word_1_381' title='bbox 159 4202 290 4260; x_wconf 78' lang='lat' dir='ltr'>speraret,</span> <span class='ocrx_word' id='word_1_382' title='bbox 315 4197 341 4248; x_wconf 89' lang='lat' dir='ltr'><strong><em>in</em></strong></span> <span class='ocrx_word' id='word_1_383' title='bbox 367 4197 512 4264; x_wconf 90' lang='lat' dir='ltr'>periculum</span> <span class='ocrx_word' id='word_1_384' title='bbox 543 4205 686 4263; x_wconf 88' lang='lat' dir='ltr'>vocarent,</span> <span class='ocrx_word' id='word_1_385' title='bbox 705 4206 834 4264; x_wconf 86' lang='lat' dir='ltr'>quatenus</span> <span class='ocrx_word' id='word_1_386' title='bbox 857 4205 959 4248; x_wconf 85' lang='lat' dir='ltr'>remota</span> <span class='ocrx_word' id='word_1_387' title='bbox 987 4205 1014 4248; x_wconf 89' lang='lat' dir='ltr'><strong><em>et</em></strong></span> <span class='ocrx_word' id='word_1_388' title='bbox 1032 4197 1172 4262; x_wconf 78' lang='lat' dir='ltr'>desperato</span> 
     </span>
     <span class='ocr_line' id='line_1_42' title="bbox 100 4263 1170 4340; baseline 0.014 -35"><span class='ocrx_word' id='word_1_389' title='bbox 100 4264 162 4314; x_wconf 82' lang='lat' dir='ltr'>erret</span> <span class='ocrx_word' id='word_1_390' title='bbox 178 4263 253 4320; x_wconf 83' lang='lat' dir='ltr'>satur.</span> <span class='ocrx_word' id='word_1_391' title='bbox 289 4282 348 4324; x_wconf 83' lang='lat' dir='ltr'>natu</span> <span class='ocrx_word' id='word_1_392' title='bbox 365 4270 522 4326; x_wconf 73' lang='lat' dir='ltr'>insedioue</span> <span class='ocrx_word' id='word_1_393' title='bbox 550 4271 685 4340; x_wconf 84' lang='lat' dir='ltr'>aitpoeta</span> <span class='ocrx_word' id='word_1_394' title='bbox 705 4271 848 4338; x_wconf 85' lang='lat' dir='ltr'>pessimum</span> <span class='ocrx_word' id='word_1_395' title='bbox 867 4283 974 4337; x_wconf 86' lang='lat' dir='ltr'>quoque</span> <span class='ocrx_word' id='word_1_396' title='bbox 992 4269 1099 4339; x_wconf 86' lang='lat' dir='ltr'>assequi</span> <span class='ocrx_word' id='word_1_397' title='bbox 1118 4265 1170 4320; x_wconf 77' lang='lat' dir='ltr'><strong><em>ho·</em></strong></span> 
     </span>
    </p>
   </div>
   <div class='ocr_carea' id='block_1_5' title="bbox 0 0 1475 4896">
    <p class='ocr_par' dir='ltr' id='par_1_10' title="bbox 0 0 1475 4896">
     <span class='ocr_line' id='line_1_43' title="bbox 0 0 1475 4896; baseline 0 0"><span class='ocrx_word' id='word_1_398' title='bbox 0 0 1475 4896; x_wconf 95' lang='lat' dir='ltr'><strong><em> </em></strong></span> 
     </span>
    </p>
   </div>
  </div>
 </body>
</html>
