2880 4910
132 393 137 404 ’
234 393 308 467 390
538 395 762 466 NIOEPHORI
795 391 1024 462 flamonia

194 591 197 596 ·
233 567 317 627 θεῖοι
337 562 481 646 πατέρες,
504 563 560 624 καί
570 555 710 640 μάλιστα
732 555 858 621 πόντων
879 560 934 622 τοῦ
956 559 1050 620 θείου
1067 555 1187 620 ἐκείνου
1206 547 1316 638 όνδρός,

198 657 208 704 ’“
234 661 405 748 Θεοδώρου
438 663 524 748 φημί
548 664 604 725 τοῦ
624 658 789 744 μρόπτου,
824 659 870 734 είς
897 651 931 722 όν
960 653 1127 740 όθρασός
1147 653 1254 728 ἐκεῖνος
1272 657 1320 718 καί

165 780 222 834 u
232 765 342 849 πόρρω
363 766 511 838 παιδείας
533 759 657 845 όπόσης
678 761 822 841 βαδίζων
853 758 1019 844 ἑξόβρισεν
1038 751 1214 842 ἅνθρωπος.
1261 759 1319 820 dues*

232 868 262 930 δ’
285 867 340 929 ἔπι·
357 863 391 930 τό
411 870 522 946 χεῖρον
555 865 743 946 έκραγεῖσαν
773 853 833 944 ἤδη
856 857 916 942 τὴν
946 861 1004 942 τῆς
1023 861 1228 943 βλασφημίας
1248 849 1319 920 εἶδεν
1421 869 1422 926 t

234 965 422 1051 όπερβολὴν,
444 966 501 1029 καί
523 957 592 1046 ἅμα
604 963 714 1043 θυμοῦ
735 962 791 1026 καί
809 961 994 1041 μανιώδους
1007 942 1143 1044 γλώττης
1165 957 1204 1021 ου’
1222 958 1338 1039 πόρρα5

232 1066 268 1133 τό
290 1060 369 1150 ἦθος
390 1065 535 1143 ἐκείνων,
567 1065 684 1148 ἀνέστη
703 1087 739 1128 τε
768 1059 871 1137 εόθός
893 1065 950 1125 καί
969 1059 1077 1147 α’πῄει,
1099 1062 1225 1142 χαίρειν
1244 1059 1321 1144 φρό-

231 1191 291 1242 οας
313 1167 422 1242 αδτοίς
444 1171 518 1250 πρίν
541 1167 596 1230 καί
612 1157 893 1252 ,παραβολώτερόν
923 1186 956 1225 τι
985 1159 1121 1224 α’κοόσαι
1145 1160 1200 1224 καί
1217 1161 1321 1222 παθεῖν
1421 1217 1422 1226 ,

231 1267 293 1332 dut
317 1269 410 1351 σφοόν
432 1263 520 1347 παρό
550 1267 746 1347 προσδοκίαν
782 1258 826 1338 οδς
853 1265 887 1328 έν
914 1259 1032 1349 διντόιρ
1062 1258 1158 1342 μόνος
1177 1267 1322 1342 περικλτι-
1421 1257 1422 1344 λ

232 1372 332 1450 αθείς,
352 1375 417 1443 τοῖς
437 1369 593 1451 αἰθερίοις
622 1368 853 1450 παραπλησίας
887 1371 1037 1450 πτηνοῖς,
1060 1363 1093 1428 οἳ
1111 1359 1171 1446 τὴν
1192 1363 1323 1444 αἰθέριον
1421 1359 1422 1374 ³

232 1471 352 1555 ἐκείνην
377 1473 432 1533 καί
459 1467 600 1554 φυσικὴν
631 1464 822 1550 ἐλευθερίαν
854 1466 1007 1552 ἀφέμενοι
1035 1462 1116 1546 πρός
1144 1465 1252 1528 δίκτυα
1277 1455 1355 1522 καόλῦ

230 1573 369 1656 βρόχους
405 1573 639 1654 αὐτομολοῦσιν
671 1567 854 1651 ἐθελονταί,
888 1569 1007 1656 σχεδίῳ
1038 1565 1093 1630 καί
1122 1560 1326 1652 φαντασιοόδει
1422 1573 1423 1636 3

231 1671 335 1761 πλόνῃ
356 1666 493 1747 ἓαυτοός
514 1665 823 1756 έπιρρίπτοντεςόί
857 1664 1033 1754 όπλότητα,
1054 1669 1129 1751 πρίν
1163 1665 1325 1732 αἰσθέσθαι
1422 1703 1423 1740 r

229 1796 263 1838 τε
285 1774 342 1838 καί
362 1777 547 1856 σκέψασθαι
569 1771 625 1837 καί
645 1777 721 1856 πρίν
741 1776 861 1854 μαθεῖν
881 1768 903 1834 ό
925 1767 990 1856 χρὴ
1013 1774 1138 1834 παθεῖν.

165 1891 221 1946 u
329 1871 436 1954 Ἑξιοόν
455 1898 490 1957 γε
511 1873 575 1957 μὴν
596 1877 720 1939 ε’κείθεν
733 1872 921 1957 ἐνετύγχανε
936 1869 1024 1956 παρό
1047 1867 1105 1955 τήν
1125 1866 1202 1934 ὁδόν
1215 1859 1327 1948 σττορό-

231 1978 289 2060 δην
312 1967 416 2039 ἄλλοτ’
439 1967 548 2050 ἅλλοις
574 1977 631 2058 τῆς
647 1979 845 2058 Παλαμικῆς
866 1976 1017 2060 φατρίας,
1040 1975 1095 2038 dns*
1116 1967 1154 2034 τό
1175 1971 1233 2035 τοῦ
1248 1969 1358 2031 Κατ-15
1422 2011 1423 2014 ¹

228 2078 423 2162 τακουζηνοό
436 2079 607 2160 βαδίζουσι
620 2075 874 2164 φροντιστήριον,
886 2075 941 2139 ὑπ’
956 2077 1076 2140 ἐκείνου
1092 2071 1154 2157 πρό
1168 2075 1229 2136 τοῖν
1242 2065 1329 2135 erade·

228 2182 291 2243 νοόν
311 2178 421 2242 αότιόν
445 2180 488 2242 δι’
508 2176 693 2242 οἷποστόλοον
710 2182 857 2263 κρυφίως
882 2181 1026 2260 κληθείσι
1040 2173 1121 2259 πρός
1142 2165 1331 2250 διαλεκτικήν

228 2277 363 2344 οόνοδον
375 2271 475 2343 αόλαι
485 2283 712 2363 μελετηθεΐσαν
723 2277 804 2342 κατὰ
820 2279 1048 2362 τοόΓρηγορᾶ,
1063 2277 1251 2358 ἐπαγγελίας
1260 2289 1329 2352 προ·

230 2377 398 2464 ειληφόσιν
420 2382 545 2445 tartare
568 2381 643 2463 παρ’
666 2380 754 2466 crispi
775 2375 834 2462 τόν
856 2378 981 2463 ἡμέραν
1004 2375 1126 2460 ἐκείνην
1146 2377 1328 2440 διατελέσειν

229 2472 368 2547 όπασαν.
423 2478 607 2561 έθαόμαζου
648 2471 706 2543 σόν
741 2481 856 2544 ἐκείνοι
893 2474 979 2560 παρό
1008 2479 1207 2561 προσδοκίαν
1244 2464 1357 2538 striato

229 2577 366 2642 α’πιόντα
390 2573 525 2662 δρῶντες
550 2572 669 2662 όρτίοος
688 2577 744 2645 τόν
760 2583 792 2644 Γ
790 2582 942 2665 ρηγορόν,
964 2580 1021 2644 sud
1045 2576 1137 2663 ἡλίου
1155 2573 1217 2652 τός
1238 2595 1322 2657 πριιι-

230 2673 288 2752 vlit
308 2677 458 2755 όνῦῡντος
481 2675 526 2746 ἔτι
549 2687 691 2764 πορείας.
741 2680 795 2746 καί
822 2683 929 2746 τοίνυν
957 2675 1035 2744 ἔνιοι
1064 2674 1188 2744 τούτων
1209 2669 1322 2740 κανόσιν

229 2775 401 2865 δραμόντες
424 2781 554 2867 ἤροότοον
583 2781 641 2868 ’τῆς
670 2775 756 2848 crines
787 2786 919 2866 ταχείας
951 2777 1106 2847 έπανόδου
1133 2775 1195 2864 τὴν
1222 2777 1325 2842 αἰτίαν.
1423 2801 1424 2874 ι

229 3133 365 3194 ecelesias
384 3141 537 3188 sanctarum
558 3133 678 3188 virorum
697 3137 828 3208 dogmatis
855 3145 882 3190 et
907 3151 956 3205 pru
976 3135 1076 3190 sanctis
1100 3134 1224 3204 patribus
1242 3132 1286 3203 qni
1302 3145 1329 3182 ea

228 3212 436 3273 composuerant
456 3213 483 3258 et
498 3206 619 3274 inprimis
645 3221 695 3275 pro
714 3217 807 3262 sanctu
828 3209 888 3262 viru
907 3207 1062 3274 Theodora,
1083 3207 1143 3259 dico
1162 3207 1329 3259 dilaceratum

229 3276 322 3342 illum,
341 3277 369 3328 in
391 3293 470 3346 quem
487 3275 567 3330 homo
586 3286 731 3345 proteruus
749 3279 798 3333 ille
826 3288 852 3331 et
872 3278 1010 3332 doctrinae
1035 3279 1121 3330 omnis
1146 3277 1266 3338 violatur
1287 3289 1348 3348 ιιι·Ι

228 3348 374 3424 perbierat.
419 3349 467 3401 sed
494 3364 574 3418 quum
599 3351 626 3402 in
655 3351 734 3418 peius
762 3353 833 3404 verti
858 3350 1075 3418 blasphemorum
1101 3349 1281 3418 arrogantiam
1307 3350 1331 3394 et

165 3453 170 3462 -
228 3427 345 3474 mentem
364 3417 473 3471 illarum
493 3430 520 3472 et
539 3421 708 3474 furibundam
727 3422 847 3492 linguam
867 3435 971 3476 ornnem
989 3419 1181 3476 verecundiam
1202 3421 1330 3486 deponere

229 3489 350 3554 videret3
369 3492 486 3544 surrexit
504 3499 618 3560 repente
638 3501 665 3544 et
682 3493 757 3545 abiit.
793 3492 888 3546 maluit
908 3495 977 3545 euim
996 3491 1059 3545 toea
1073 3492 1171 3544 cedere
1188 3505 1266 3560 quarn
1285 3503 1330 3539 su-

228 3561 286 3612 dire
308 3577 375 3630 quae
400 3564 485 3633 magis
512 3566 590 3615 etiam
615 3564 775 3629 inscientia,
802 3573 830 3616 et
855 3565 911 3632 pati
936 3563 1037 3633 aliquid
1062 3563 1094 3616 ab
1123 3565 1157 3614 iis
1177 3561 1330 3628 improvisa,

229 3631 333 3684 retibus
352 3634 472 3687 irretitus
490 3634 575 3687 instar
593 3637 683 3690 arium
712 3635 872 3688 coelestium
897 3651 966 3706 quae
986 3635 1117 3688 libertatis
1145 3635 1258 3685 iuuere
1278 3637 1330 3682 eta

228 3711 326 3755 natura
347 3705 398 3757 sibi
415 3705 493 3758 datae
512 3704 614 3760 oblitae
643 3708 671 3759 in
699 3707 768 3760 retia
788 3715 869 3760 ruunt
896 3705 1065 3760 voluntariae
1084 3713 1111 3758 at
1132 3705 1188 3757 bun
1207 3703 1274 3756 illuc
1290 3708 1329 3751 te-

229 3790 303 3859 mere
322 3775 467 3830 volitantes
494 3787 580 3832 semet
605 3782 681 3848 ipsae
708 3779 834 3832 irretiunt
859 3792 958 3830 caecae
979 3779 1133 3846 priusquam
1155 3775 1291 3828 senserint
1307 3774 1330 3820 ολ

231 3848 468 3900 animadverterint
487 3857 514 3902 et
535 3850 706 3904 observarint
718 3866 786 3920 quae
806 3851 873 3918 ipsis
898 3849 1068 3902 imminerent
1085 3847 1219 3916 pericula.

329 3945 422 4014 ltaque
441 3961 522 4014 quum
540 3947 652 4000 abiisset
670 3949 728 4015 ipsa
747 3949 776 4002 in
794 3947 840 3999 via
863 3948 963 4016 passim
980 3940 1103 4014 singulos
1130 3944 1206 3996 viros
1226 3937 1330 3994 offendit

229 4016 366 4068 efamilia
394 4015 591 4082 Palamitarum,
619 4020 665 4088 qui
699 4019 731 4071 ad
759 4019 941 4074 Gantacuaeni
967 4016 1156 4069 monasterium
1186 4012 1329 4081 pergebant
1422 4047 1424 4070 ,

230 4086 263 4139 ολ)
283 4088 332 4140 illo
351 4089 403 4139 iam
432 4095 493 4138 aute
513 4090 623 4156 primam
640 4089 730 4142 iucem
753 4103 804 4158 per
826 4102 976 4158 praecones
994 4088 1063 4140 clam
1091 4085 1215 4138 advocati
1234 4083 1267 4136 ad
1284 4094 1327 4146 sy·
1423 4073 1424 4118 i

230 4159 327 4212 nodum
347 4157 515 4210 dialecticam
534 4175 603 4230 quae
621 4161 673 4212 iam
693 4161 778 4214 multo
797 4164 860 4214 tnta
876 4161 905 4213 in
921 4159 1065 4230 Gregurum
1090 4159 1200 4210 decreta
1220 4160 1284 4207 erat.
1304 4148 1328 4201 bi

230 4229 298 4282 iussi
316 4237 393 4281 eraut
410 4236 494 4281 tutum
514 4229 584 4283 diem
609 4230 686 4283 illurn
708 4235 778 4300 apud
801 4245 893 4301 regem
911 4245 1030 4284 manere.
1074 4241 1155 4297 quare
1175 4227 1328 4294 stupuerunt

230 4303 309 4370 quum
340 4305 446 4368 prester
472 4303 626 4369 opinionem
651 4302 726 4356 abire
750 4302 875 4384 pidereut
892 4299 1038 4373 drepcrarn
1064 4308 1185 4368 tempure
1214 4307 1268 4366 quc
1289 4287 1326 4346 εοΙ
1423 4305 1424 4366 5
